PAIR,BID,ASK,TIME
UNI/USD,22.898,22.916,11-06-21 11:22:11
UNI/USD,22.891,22.907,11-06-21 11:22:01
UNI/USD,22.886,22.908,11-06-21 11:21:51
UNI/USD,22.889,22.908,11-06-21 11:21:41
UNI/USD,22.888,22.913,11-06-21 11:21:31
UNI/USD,22.891,22.91,11-06-21 11:21:21
UNI/USD,22.905,22.923,11-06-21 11:21:11
UNI/USD,22.905,22.927,11-06-21 11:21:01
UNI/USD,22.903,22.928,11-06-21 11:20:51
UNI/USD,22.904,22.921,11-06-21 11:20:41
UNI/USD,22.891,22.916,11-06-21 11:20:31
UNI/USD,22.914,22.939,11-06-21 11:20:21
UNI/USD,22.907,22.928,11-06-21 11:20:11
UNI/USD,22.892,22.913,11-06-21 11:20:01
UNI/USD,22.888,22.909,11-06-21 11:19:51
UNI/USD,22.897,22.923,11-06-21 11:19:41
UNI/USD,22.902,22.92,11-06-21 11:19:31
UNI/USD,22.885,22.896,11-06-21 11:19:21
UNI/USD,22.89,22.918,11-06-21 11:19:11
UNI/USD,22.885,22.892,11-06-21 11:19:01
UNI/USD,22.913,22.932,11-06-21 11:18:51
UNI/USD,22.927,22.952,11-06-21 11:18:41
UNI/USD,22.94,22.959,11-06-21 11:18:31
UNI/USD,22.931,22.95,11-06-21 11:18:21
UNI/USD,22.973,22.99,11-06-21 11:18:11
UNI/USD,22.99,23.007,11-06-21 11:18:01
UNI/USD,22.993,23.006,11-06-21 11:17:51
UNI/USD,23.005,23.025,11-06-21 11:17:41
UNI/USD,22.998,23.017,11-06-21 11:17:31
UNI/USD,23.005,23.022,11-06-21 11:17:21
UNI/USD,22.999,23.01,11-06-21 11:17:11
UNI/USD,22.989,23.006,11-06-21 11:17:01
UNI/USD,22.975,22.994,11-06-21 11:16:51
UNI/USD,22.982,22.998,11-06-21 11:16:41
UNI/USD,22.982,22.999,11-06-21 11:16:31
UNI/USD,22.982,22.999,11-06-21 11:16:21
UNI/USD,22.978,22.999,11-06-21 11:16:11
UNI/USD,22.982,23.001,11-06-21 11:16:01
UNI/USD,22.979,22.997,11-06-21 11:15:51
UNI/USD,22.982,23.009,11-06-21 11:15:41
UNI/USD,22.97,22.987,11-06-21 11:15:31
UNI/USD,22.965,22.979,11-06-21 11:15:21
UNI/USD,22.955,22.975,11-06-21 11:15:11
UNI/USD,22.965,22.984,11-06-21 11:15:01
UNI/USD,22.965,22.989,11-06-21 11:14:51
UNI/USD,22.965,22.989,11-06-21 11:14:41
UNI/USD,22.965,22.989,11-06-21 11:14:31
UNI/USD,22.957,22.979,11-06-21 11:14:21
UNI/USD,22.949,22.971,11-06-21 11:14:11
UNI/USD,22.939,22.97,11-06-21 11:14:01
UNI/USD,22.937,22.963,11-06-21 11:13:51
UNI/USD,22.922,22.944,11-06-21 11:13:41
UNI/USD,22.914,22.932,11-06-21 11:13:31
UNI/USD,22.917,22.935,11-06-21 11:13:21
UNI/USD,22.928,22.948,11-06-21 11:13:11
UNI/USD,22.921,22.945,11-06-21 11:13:01
UNI/USD,22.922,22.939,11-06-21 11:12:51
UNI/USD,22.925,22.941,11-06-21 11:12:41
UNI/USD,22.941,22.955,11-06-21 11:12:31
UNI/USD,22.949,22.967,11-06-21 11:12:21
UNI/USD,22.955,22.972,11-06-21 11:12:11
UNI/USD,22.98,23,11-06-21 11:12:01
UNI/USD,22.981,23,11-06-21 11:11:51
UNI/USD,22.983,23,11-06-21 11:11:41
UNI/USD,22.984,23,11-06-21 11:11:31
UNI/USD,22.983,23.001,11-06-21 11:11:21
UNI/USD,22.975,22.993,11-06-21 11:11:11
UNI/USD,22.984,23.006,11-06-21 11:11:01
UNI/USD,22.98,22.997,11-06-21 11:10:51
UNI/USD,22.979,22.997,11-06-21 11:10:41
UNI/USD,22.976,22.994,11-06-21 11:10:31
UNI/USD,22.976,22.998,11-06-21 11:10:21
UNI/USD,22.973,22.991,11-06-21 11:10:11
UNI/USD,22.986,23.002,11-06-21 11:10:01
UNI/USD,22.982,22.998,11-06-21 11:09:51
UNI/USD,22.982,23.001,11-06-21 11:09:41
UNI/USD,22.983,22.996,11-06-21 11:09:31
UNI/USD,22.984,23.002,11-06-21 11:09:21
UNI/USD,22.984,23.004,11-06-21 11:09:11
UNI/USD,22.977,22.996,11-06-21 11:09:01
UNI/USD,22.978,22.996,11-06-21 11:08:51
UNI/USD,22.978,22.996,11-06-21 11:08:41
UNI/USD,22.977,22.993,11-06-21 11:08:31
UNI/USD,22.982,22.993,11-06-21 11:08:21
UNI/USD,22.983,22.996,11-06-21 11:08:11
UNI/USD,22.988,23.001,11-06-21 11:08:01
UNI/USD,22.998,23.014,11-06-21 11:07:51
UNI/USD,22.999,23.007,11-06-21 11:07:41
UNI/USD,23.003,23.015,11-06-21 11:07:31
UNI/USD,23.003,23.015,11-06-21 11:07:21
UNI/USD,23.003,23.016,11-06-21 11:07:11
UNI/USD,23.006,23.017,11-06-21 11:07:01
UNI/USD,23.008,23.02,11-06-21 11:06:51
UNI/USD,23.01,23.021,11-06-21 11:06:41
UNI/USD,23.013,23.021,11-06-21 11:06:31
UNI/USD,23.01,23.021,11-06-21 11:06:21
UNI/USD,23.01,23.021,11-06-21 11:06:11
UNI/USD,23.009,23.023,11-06-21 11:06:01
UNI/USD,23.007,23.018,11-06-21 11:05:51
UNI/USD,23.007,23.019,11-06-21 11:05:41
UNI/USD,23.016,23.038,11-06-21 11:05:31
UNI/USD,23.012,23.027,11-06-21 11:05:21
UNI/USD,23.012,23.027,11-06-21 11:05:11
UNI/USD,23.008,23.021,11-06-21 11:05:01
UNI/USD,23.006,23.021,11-06-21 11:04:51
UNI/USD,23.005,23.02,11-06-21 11:04:41
UNI/USD,23.004,23.021,11-06-21 11:04:31
UNI/USD,23.006,23.021,11-06-21 11:04:21
UNI/USD,23.006,23.024,11-06-21 11:04:11
UNI/USD,23.006,23.024,11-06-21 11:04:01
UNI/USD,23.008,23.024,11-06-21 11:03:51
UNI/USD,23.01,23.022,11-06-21 11:03:41
UNI/USD,23.01,23.023,11-06-21 11:03:31
UNI/USD,23.009,23.023,11-06-21 11:03:21
UNI/USD,23.01,23.023,11-06-21 11:03:11
UNI/USD,23.021,23.035,11-06-21 11:03:01
UNI/USD,23.013,23.023,11-06-21 11:02:51
UNI/USD,23.011,23.023,11-06-21 11:02:41
UNI/USD,23.004,23.022,11-06-21 11:02:31
UNI/USD,23.008,23.022,11-06-21 11:02:21
UNI/USD,23.004,23.021,11-06-21 11:02:11
UNI/USD,23.017,23.036,11-06-21 11:02:01
UNI/USD,23.005,23.034,11-06-21 11:01:51
UNI/USD,23.01,23.03,11-06-21 11:01:41
UNI/USD,23.01,23.027,11-06-21 11:01:31
UNI/USD,23.019,23.042,11-06-21 11:01:21
UNI/USD,23.043,23.054,11-06-21 11:01:11
UNI/USD,23.053,23.067,11-06-21 11:01:01
UNI/USD,23.056,23.072,11-06-21 11:00:51
UNI/USD,23.05,23.072,11-06-21 11:00:41
UNI/USD,23.05,23.072,11-06-21 11:00:31
UNI/USD,23.05,23.072,11-06-21 11:00:21
UNI/USD,23.048,23.068,11-06-21 11:00:11
UNI/USD,23.035,23.049,11-06-21 11:00:01
UNI/USD,23.025,23.043,11-06-21 10:59:51
UNI/USD,23.029,23.047,11-06-21 10:59:41
UNI/USD,23.036,23.051,11-06-21 10:59:31
UNI/USD,23.029,23.047,11-06-21 10:59:21
UNI/USD,23.023,23.038,11-06-21 10:59:11
UNI/USD,23.019,23.035,11-06-21 10:59:01
UNI/USD,23.024,23.039,11-06-21 10:58:51
UNI/USD,23.023,23.04,11-06-21 10:58:41
UNI/USD,23.015,23.034,11-06-21 10:58:31
UNI/USD,23.015,23.034,11-06-21 10:58:21
UNI/USD,23.016,23.034,11-06-21 10:58:11
UNI/USD,23.004,23.02,11-06-21 10:58:01
UNI/USD,23.007,23.02,11-06-21 10:57:51
UNI/USD,23.003,23.02,11-06-21 10:57:41
UNI/USD,23.005,23.025,11-06-21 10:57:31
UNI/USD,22.998,23.016,11-06-21 10:57:21
UNI/USD,22.998,23.017,11-06-21 10:57:11
UNI/USD,22.998,23.013,11-06-21 10:57:01
UNI/USD,22.997,23.015,11-06-21 10:56:51
UNI/USD,22.996,23.013,11-06-21 10:56:41
UNI/USD,22.987,23.002,11-06-21 10:56:31
UNI/USD,22.989,23.002,11-06-21 10:56:21
UNI/USD,22.996,23.012,11-06-21 10:56:11
UNI/USD,22.992,23.004,11-06-21 10:56:01
UNI/USD,23,23.018,11-06-21 10:55:51
UNI/USD,22.993,23.009,11-06-21 10:55:41
UNI/USD,22.99,23.009,11-06-21 10:55:31
UNI/USD,22.99,23.009,11-06-21 10:55:21
UNI/USD,22.999,23.018,11-06-21 10:55:11
UNI/USD,22.987,23.001,11-06-21 10:55:01
UNI/USD,22.986,23.003,11-06-21 10:54:51
UNI/USD,22.982,22.998,11-06-21 10:54:41
UNI/USD,22.985,23.002,11-06-21 10:54:31
UNI/USD,22.992,23.006,11-06-21 10:54:21
UNI/USD,22.993,23.011,11-06-21 10:54:11
UNI/USD,22.979,22.99,11-06-21 10:54:01
UNI/USD,22.989,23.002,11-06-21 10:53:51
UNI/USD,22.99,23.002,11-06-21 10:53:41
UNI/USD,22.99,23.002,11-06-21 10:53:31
UNI/USD,22.984,23.002,11-06-21 10:53:21
UNI/USD,22.991,23.002,11-06-21 10:53:11
UNI/USD,22.992,23.002,11-06-21 10:53:01
UNI/USD,22.992,23.002,11-06-21 10:52:51
UNI/USD,22.993,23.002,11-06-21 10:52:41
UNI/USD,22.993,23.002,11-06-21 10:52:31
UNI/USD,22.983,23.002,11-06-21 10:52:21
UNI/USD,22.983,23.002,11-06-21 10:52:11
UNI/USD,22.989,23.002,11-06-21 10:52:01
UNI/USD,22.981,23.002,11-06-21 10:51:51
UNI/USD,22.981,23,11-06-21 10:51:41
UNI/USD,22.981,23.002,11-06-21 10:51:31
UNI/USD,22.989,23.009,11-06-21 10:51:21
UNI/USD,22.961,22.979,11-06-21 10:51:11
UNI/USD,22.961,22.98,11-06-21 10:51:01
UNI/USD,22.965,22.994,11-06-21 10:50:51
UNI/USD,22.959,22.979,11-06-21 10:50:41
UNI/USD,22.972,22.989,11-06-21 10:50:31
UNI/USD,22.984,22.993,11-06-21 10:50:21
UNI/USD,22.992,23.001,11-06-21 10:50:11
UNI/USD,22.996,23.001,11-06-21 10:50:01
UNI/USD,22.99,23.001,11-06-21 10:49:51
UNI/USD,22.993,23.005,11-06-21 10:49:41
UNI/USD,22.993,23.009,11-06-21 10:49:31
UNI/USD,23.002,23.013,11-06-21 10:49:21
UNI/USD,23.005,23.016,11-06-21 10:49:11
UNI/USD,23.008,23.017,11-06-21 10:49:01
UNI/USD,23.013,23.017,11-06-21 10:48:51
UNI/USD,23.014,23.017,11-06-21 10:48:41
UNI/USD,23.001,23.017,11-06-21 10:48:31
UNI/USD,23.01,23.017,11-06-21 10:48:21
UNI/USD,23.004,23.017,11-06-21 10:48:11
UNI/USD,23,23.017,11-06-21 10:48:01
UNI/USD,23.006,23.017,11-06-21 10:47:51
UNI/USD,23.008,23.017,11-06-21 10:47:41
UNI/USD,23.006,23.017,11-06-21 10:47:31
UNI/USD,23.004,23.018,11-06-21 10:47:21
UNI/USD,23.005,23.024,11-06-21 10:47:11
UNI/USD,23.002,23.024,11-06-21 10:47:01
UNI/USD,23,23.024,11-06-21 10:46:51
UNI/USD,23.012,23.024,11-06-21 10:46:41
UNI/USD,23.017,23.028,11-06-21 10:46:31
UNI/USD,23.03,23.045,11-06-21 10:46:21
UNI/USD,23.028,23.045,11-06-21 10:46:11
UNI/USD,23.062,23.088,11-06-21 10:46:01
UNI/USD,23.081,23.098,11-06-21 10:45:51
UNI/USD,23.098,23.122,11-06-21 10:45:41
UNI/USD,23.098,23.117,11-06-21 10:45:31
UNI/USD,23.093,23.111,11-06-21 10:45:21
UNI/USD,23.11,23.127,11-06-21 10:45:11
UNI/USD,23.085,23.103,11-06-21 10:45:01
UNI/USD,23.073,23.079,11-06-21 10:44:51
UNI/USD,23.073,23.079,11-06-21 10:44:41
UNI/USD,23.073,23.079,11-06-21 10:44:31
UNI/USD,23.073,23.079,11-06-21 10:44:21
UNI/USD,23.071,23.079,11-06-21 10:44:11
UNI/USD,23.069,23.079,11-06-21 10:44:01
UNI/USD,23.069,23.079,11-06-21 10:43:51
UNI/USD,23.069,23.079,11-06-21 10:43:41
UNI/USD,23.066,23.079,11-06-21 10:43:31
UNI/USD,23.066,23.078,11-06-21 10:43:21
UNI/USD,23.066,23.078,11-06-21 10:43:11
UNI/USD,23.066,23.077,11-06-21 10:43:01
UNI/USD,23.066,23.079,11-06-21 10:42:51
UNI/USD,23.062,23.076,11-06-21 10:42:41
UNI/USD,23.059,23.076,11-06-21 10:42:31
UNI/USD,23.069,23.079,11-06-21 10:42:21
UNI/USD,23.07,23.079,11-06-21 10:42:11
UNI/USD,23.072,23.079,11-06-21 10:42:01
UNI/USD,23.07,23.079,11-06-21 10:41:51
UNI/USD,23.063,23.079,11-06-21 10:41:41
UNI/USD,23.064,23.079,11-06-21 10:41:31
UNI/USD,23.062,23.079,11-06-21 10:41:21
UNI/USD,23.074,23.079,11-06-21 10:41:11
UNI/USD,23.052,23.069,11-06-21 10:41:01
UNI/USD,23.049,23.064,11-06-21 10:40:51
UNI/USD,23.057,23.079,11-06-21 10:40:41
UNI/USD,23.054,23.075,11-06-21 10:40:31
UNI/USD,23.046,23.071,11-06-21 10:40:21
UNI/USD,23.036,23.052,11-06-21 10:40:11
UNI/USD,23.041,23.063,11-06-21 10:40:01
UNI/USD,23.044,23.063,11-06-21 10:39:51
UNI/USD,23.045,23.066,11-06-21 10:39:41
UNI/USD,23.044,23.063,11-06-21 10:39:31
UNI/USD,23.032,23.05,11-06-21 10:39:21
UNI/USD,23.013,23.023,11-06-21 10:39:11
UNI/USD,23.011,23.023,11-06-21 10:39:01
UNI/USD,23.008,23.023,11-06-21 10:38:51
UNI/USD,23.004,23.023,11-06-21 10:38:41
UNI/USD,23,23.021,11-06-21 10:38:31
UNI/USD,23.002,23.021,11-06-21 10:38:21
UNI/USD,23.003,23.021,11-06-21 10:38:11
UNI/USD,22.999,23.022,11-06-21 10:38:01
UNI/USD,22.995,23.017,11-06-21 10:37:51
UNI/USD,22.991,23.017,11-06-21 10:37:41
UNI/USD,22.992,23.009,11-06-21 10:37:31
UNI/USD,22.988,23.005,11-06-21 10:37:21
UNI/USD,22.98,23.003,11-06-21 10:37:11
UNI/USD,22.98,23.002,11-06-21 10:37:01
UNI/USD,22.983,23.004,11-06-21 10:36:51
UNI/USD,22.98,23.004,11-06-21 10:36:41
UNI/USD,22.979,23.016,11-06-21 10:36:31
UNI/USD,22.988,23.006,11-06-21 10:36:21
UNI/USD,22.973,22.995,11-06-21 10:36:11
UNI/USD,22.972,22.99,11-06-21 10:36:01
UNI/USD,22.969,22.99,11-06-21 10:35:51
UNI/USD,22.972,22.996,11-06-21 10:35:41
UNI/USD,22.968,22.986,11-06-21 10:35:31
UNI/USD,22.964,22.985,11-06-21 10:35:21
UNI/USD,22.965,22.988,11-06-21 10:35:11
UNI/USD,22.971,22.989,11-06-21 10:35:01
UNI/USD,22.965,22.987,11-06-21 10:34:51
UNI/USD,22.968,22.992,11-06-21 10:34:41
UNI/USD,22.967,22.984,11-06-21 10:34:31
UNI/USD,22.971,22.994,11-06-21 10:34:21
UNI/USD,22.972,22.991,11-06-21 10:34:11
UNI/USD,22.966,22.982,11-06-21 10:34:01
UNI/USD,22.963,22.982,11-06-21 10:33:51
UNI/USD,22.965,22.987,11-06-21 10:33:41
UNI/USD,22.966,22.987,11-06-21 10:33:31
UNI/USD,22.958,22.979,11-06-21 10:33:21
UNI/USD,22.959,22.977,11-06-21 10:33:11
UNI/USD,22.953,22.975,11-06-21 10:33:01
UNI/USD,22.952,22.976,11-06-21 10:32:51
UNI/USD,22.958,22.982,11-06-21 10:32:41
UNI/USD,22.97,22.993,11-06-21 10:32:31
UNI/USD,22.938,22.945,11-06-21 10:32:21
UNI/USD,22.927,22.939,11-06-21 10:32:11
UNI/USD,22.924,22.939,11-06-21 10:32:01
UNI/USD,22.935,22.949,11-06-21 10:31:51
UNI/USD,22.944,22.958,11-06-21 10:31:41
UNI/USD,22.946,22.964,11-06-21 10:31:31
UNI/USD,22.949,22.964,11-06-21 10:31:21
UNI/USD,22.956,22.974,11-06-21 10:31:11
UNI/USD,22.949,22.963,11-06-21 10:31:01
UNI/USD,22.956,22.974,11-06-21 10:30:51
UNI/USD,22.956,22.973,11-06-21 10:30:41
UNI/USD,22.961,22.979,11-06-21 10:30:31
UNI/USD,22.968,22.981,11-06-21 10:30:21
UNI/USD,22.97,22.982,11-06-21 10:30:11
UNI/USD,22.965,22.981,11-06-21 10:30:01
UNI/USD,22.964,22.975,11-06-21 10:29:51
UNI/USD,22.964,22.979,11-06-21 10:29:41
UNI/USD,22.966,22.979,11-06-21 10:29:31
UNI/USD,22.974,22.984,11-06-21 10:29:21
UNI/USD,22.97,22.983,11-06-21 10:29:11
UNI/USD,22.972,22.983,11-06-21 10:29:01
UNI/USD,22.971,22.986,11-06-21 10:28:51
UNI/USD,22.976,22.991,11-06-21 10:28:41
UNI/USD,22.973,22.991,11-06-21 10:28:31
UNI/USD,22.972,22.992,11-06-21 10:28:21
UNI/USD,22.966,22.982,11-06-21 10:28:11
UNI/USD,22.97,22.987,11-06-21 10:28:01
UNI/USD,22.974,22.994,11-06-21 10:27:51
UNI/USD,22.976,22.999,11-06-21 10:27:41
UNI/USD,22.974,22.994,11-06-21 10:27:31
UNI/USD,22.979,22.999,11-06-21 10:27:21
UNI/USD,22.977,22.999,11-06-21 10:27:11
UNI/USD,22.964,22.984,11-06-21 10:27:01
UNI/USD,22.965,22.984,11-06-21 10:26:51
UNI/USD,22.98,22.996,11-06-21 10:26:41
UNI/USD,22.973,22.993,11-06-21 10:26:31
UNI/USD,22.983,22.994,11-06-21 10:26:21
UNI/USD,22.983,22.998,11-06-21 10:26:11
UNI/USD,22.983,22.999,11-06-21 10:26:01
UNI/USD,22.983,22.999,11-06-21 10:25:51
UNI/USD,22.985,23.007,11-06-21 10:25:41
UNI/USD,22.983,22.995,11-06-21 10:25:31
UNI/USD,22.983,22.995,11-06-21 10:25:21
UNI/USD,22.983,22.995,11-06-21 10:25:11
UNI/USD,22.973,22.993,11-06-21 10:25:01
UNI/USD,22.969,22.993,11-06-21 10:24:51
UNI/USD,22.97,22.993,11-06-21 10:24:41
UNI/USD,22.957,22.975,11-06-21 10:24:31
UNI/USD,22.954,22.972,11-06-21 10:24:21
UNI/USD,22.97,22.981,11-06-21 10:24:11
UNI/USD,22.975,22.995,11-06-21 10:24:01
UNI/USD,22.97,22.984,11-06-21 10:23:51
UNI/USD,22.964,22.984,11-06-21 10:23:41
UNI/USD,22.972,22.992,11-06-21 10:23:31
UNI/USD,22.964,22.985,11-06-21 10:23:21
UNI/USD,22.973,22.99,11-06-21 10:23:11
UNI/USD,22.951,22.973,11-06-21 10:23:01
UNI/USD,22.951,22.973,11-06-21 10:22:51
UNI/USD,22.948,22.973,11-06-21 10:22:41
UNI/USD,22.947,22.968,11-06-21 10:22:31
UNI/USD,22.935,22.955,11-06-21 10:22:21
UNI/USD,22.924,22.941,11-06-21 10:22:11
UNI/USD,22.927,22.939,11-06-21 10:22:01
UNI/USD,22.926,22.947,11-06-21 10:21:51
UNI/USD,22.927,22.95,11-06-21 10:21:41
UNI/USD,22.919,22.941,11-06-21 10:21:31
UNI/USD,22.916,22.936,11-06-21 10:21:21
UNI/USD,22.919,22.941,11-06-21 10:21:11
UNI/USD,22.908,22.931,11-06-21 10:21:01
UNI/USD,22.908,22.932,11-06-21 10:20:51
UNI/USD,22.903,22.925,11-06-21 10:20:41
UNI/USD,22.906,22.927,11-06-21 10:20:31
UNI/USD,22.897,22.918,11-06-21 10:20:21
UNI/USD,22.911,22.93,11-06-21 10:20:11
UNI/USD,22.912,22.933,11-06-21 10:20:01
UNI/USD,22.919,22.939,11-06-21 10:19:51
UNI/USD,22.905,22.921,11-06-21 10:19:41
UNI/USD,22.889,22.908,11-06-21 10:19:31
UNI/USD,22.874,22.902,11-06-21 10:19:21
UNI/USD,22.874,22.892,11-06-21 10:19:11
UNI/USD,22.867,22.886,11-06-21 10:19:01
UNI/USD,22.856,22.88,11-06-21 10:18:51
UNI/USD,22.873,22.892,11-06-21 10:18:41
UNI/USD,22.872,22.899,11-06-21 10:18:31
UNI/USD,22.853,22.878,11-06-21 10:18:21
UNI/USD,22.829,22.85,11-06-21 10:18:11
UNI/USD,22.829,22.845,11-06-21 10:18:01
UNI/USD,22.822,22.839,11-06-21 10:17:51
UNI/USD,22.819,22.844,11-06-21 10:17:41
UNI/USD,22.815,22.836,11-06-21 10:17:31
UNI/USD,22.816,22.836,11-06-21 10:17:21
UNI/USD,22.828,22.847,11-06-21 10:17:11
UNI/USD,22.824,22.838,11-06-21 10:17:01
UNI/USD,22.814,22.83,11-06-21 10:16:51
UNI/USD,22.807,22.824,11-06-21 10:16:41
UNI/USD,22.809,22.825,11-06-21 10:16:31
UNI/USD,22.803,22.827,11-06-21 10:16:21
UNI/USD,22.835,22.847,11-06-21 10:16:11
UNI/USD,22.835,22.855,11-06-21 10:16:01
UNI/USD,22.837,22.856,11-06-21 10:15:51
UNI/USD,22.857,22.878,11-06-21 10:15:41
UNI/USD,22.885,22.905,11-06-21 10:15:31
UNI/USD,22.901,22.918,11-06-21 10:15:21
UNI/USD,22.901,22.918,11-06-21 10:15:11
UNI/USD,22.886,22.902,11-06-21 10:15:01
UNI/USD,22.891,22.902,11-06-21 10:14:51
UNI/USD,22.899,22.91,11-06-21 10:14:41
UNI/USD,22.907,22.922,11-06-21 10:14:31
UNI/USD,22.901,22.914,11-06-21 10:14:21
UNI/USD,22.906,22.925,11-06-21 10:14:11
UNI/USD,22.902,22.917,11-06-21 10:14:01
UNI/USD,22.9,22.915,11-06-21 10:13:51
UNI/USD,22.902,22.915,11-06-21 10:13:41
UNI/USD,22.907,22.925,11-06-21 10:13:31
UNI/USD,22.906,22.922,11-06-21 10:13:21
UNI/USD,22.895,22.915,11-06-21 10:13:11
UNI/USD,22.897,22.915,11-06-21 10:13:01
UNI/USD,22.903,22.932,11-06-21 10:12:51
UNI/USD,22.889,22.907,11-06-21 10:12:41
UNI/USD,22.894,22.912,11-06-21 10:12:31
UNI/USD,22.913,22.928,11-06-21 10:12:21
UNI/USD,22.913,22.924,11-06-21 10:12:11
UNI/USD,22.92,22.94,11-06-21 10:12:01
UNI/USD,22.926,22.945,11-06-21 10:11:51
UNI/USD,22.926,22.945,11-06-21 10:11:41
UNI/USD,22.913,22.932,11-06-21 10:11:31
UNI/USD,22.913,22.932,11-06-21 10:11:21
UNI/USD,22.913,22.932,11-06-21 10:11:11
UNI/USD,22.93,22.949,11-06-21 10:11:01
UNI/USD,22.93,22.949,11-06-21 10:10:51
UNI/USD,22.913,22.932,11-06-21 10:10:41
UNI/USD,22.913,22.932,11-06-21 10:10:31
UNI/USD,22.913,22.932,11-06-21 10:10:21
UNI/USD,22.913,22.937,11-06-21 10:10:11
UNI/USD,22.913,22.937,11-06-21 10:10:01
UNI/USD,22.913,22.933,11-06-21 10:09:51
UNI/USD,22.913,22.937,11-06-21 10:09:41
UNI/USD,22.917,22.944,11-06-21 10:09:31
UNI/USD,22.948,22.972,11-06-21 10:09:21
UNI/USD,22.953,22.979,11-06-21 10:09:11
UNI/USD,22.951,22.973,11-06-21 10:09:01
UNI/USD,22.947,22.973,11-06-21 10:08:51
UNI/USD,22.958,22.978,11-06-21 10:08:41
UNI/USD,22.96,22.981,11-06-21 10:08:31
UNI/USD,22.949,22.968,11-06-21 10:08:21
UNI/USD,22.963,22.984,11-06-21 10:08:11
UNI/USD,22.948,22.967,11-06-21 10:08:01
UNI/USD,22.956,22.967,11-06-21 10:07:51
UNI/USD,22.947,22.967,11-06-21 10:07:41
UNI/USD,22.948,22.974,11-06-21 10:07:31
UNI/USD,22.972,22.994,11-06-21 10:07:21
UNI/USD,22.995,23.006,11-06-21 10:07:11
UNI/USD,23.023,23.044,11-06-21 10:07:01
UNI/USD,23.023,23.036,11-06-21 10:06:51
UNI/USD,23.023,23.049,11-06-21 10:06:41
UNI/USD,23.03,23.058,11-06-21 10:06:31
UNI/USD,23.049,23.07,11-06-21 10:06:21
UNI/USD,23.041,23.074,11-06-21 10:06:11
UNI/USD,23.031,23.062,11-06-21 10:06:01
UNI/USD,23.023,23.048,11-06-21 10:05:51
UNI/USD,23.03,23.063,11-06-21 10:05:41
UNI/USD,23.067,23.101,11-06-21 10:05:31
UNI/USD,23.071,23.098,11-06-21 10:05:21
UNI/USD,23.042,23.076,11-06-21 10:05:11
UNI/USD,23.042,23.069,11-06-21 10:05:01
UNI/USD,23.023,23.05,11-06-21 10:04:51
UNI/USD,23.023,23.048,11-06-21 10:04:41
UNI/USD,22.967,22.995,11-06-21 10:04:31
UNI/USD,22.892,22.935,11-06-21 10:04:21
UNI/USD,22.87,22.894,11-06-21 10:04:11
UNI/USD,22.862,22.882,11-06-21 10:04:01
UNI/USD,22.896,22.913,11-06-21 10:03:51
UNI/USD,22.899,22.92,11-06-21 10:03:41
UNI/USD,22.91,22.931,11-06-21 10:03:31
UNI/USD,22.906,22.922,11-06-21 10:03:21
UNI/USD,22.906,22.922,11-06-21 10:03:11
UNI/USD,22.906,22.928,11-06-21 10:03:01
UNI/USD,22.872,22.891,11-06-21 10:02:51
UNI/USD,22.864,22.87,11-06-21 10:02:41
UNI/USD,22.859,22.87,11-06-21 10:02:31
UNI/USD,22.856,22.869,11-06-21 10:02:21
UNI/USD,22.862,22.87,11-06-21 10:02:11
UNI/USD,22.857,22.878,11-06-21 10:02:01
UNI/USD,22.869,22.886,11-06-21 10:01:51
UNI/USD,22.865,22.891,11-06-21 10:01:41
UNI/USD,22.858,22.881,11-06-21 10:01:31
UNI/USD,22.847,22.87,11-06-21 10:01:21
UNI/USD,22.833,22.858,11-06-21 10:01:11
UNI/USD,22.829,22.849,11-06-21 10:01:01
UNI/USD,22.818,22.84,11-06-21 10:00:51
UNI/USD,22.816,22.839,11-06-21 10:00:41
UNI/USD,22.814,22.835,11-06-21 10:00:31
UNI/USD,22.816,22.842,11-06-21 10:00:21
UNI/USD,22.809,22.827,11-06-21 10:00:11
UNI/USD,22.801,22.816,11-06-21 10:00:01
UNI/USD,22.801,22.816,11-06-21 09:59:51
UNI/USD,22.801,22.816,11-06-21 09:59:41
UNI/USD,22.807,22.827,11-06-21 09:59:31
UNI/USD,22.81,22.827,11-06-21 09:59:21
UNI/USD,22.832,22.852,11-06-21 09:59:11
UNI/USD,22.84,22.859,11-06-21 09:59:01
UNI/USD,22.842,22.862,11-06-21 09:58:51
UNI/USD,22.837,22.855,11-06-21 09:58:41
UNI/USD,22.839,22.859,11-06-21 09:58:31
UNI/USD,22.839,22.861,11-06-21 09:58:21
UNI/USD,22.841,22.866,11-06-21 09:58:11
UNI/USD,22.841,22.865,11-06-21 09:58:01
UNI/USD,22.834,22.856,11-06-21 09:57:51
UNI/USD,22.851,22.874,11-06-21 09:57:41
UNI/USD,22.851,22.875,11-06-21 09:57:31
UNI/USD,22.831,22.852,11-06-21 09:57:21
UNI/USD,22.817,22.84,11-06-21 09:57:11
UNI/USD,22.81,22.828,11-06-21 09:57:01
UNI/USD,22.81,22.828,11-06-21 09:56:51
UNI/USD,22.81,22.829,11-06-21 09:56:41
UNI/USD,22.813,22.831,11-06-21 09:56:31
UNI/USD,22.829,22.838,11-06-21 09:56:21
UNI/USD,22.831,22.846,11-06-21 09:56:11
UNI/USD,22.842,22.855,11-06-21 09:56:01
UNI/USD,22.841,22.855,11-06-21 09:55:51
UNI/USD,22.836,22.855,11-06-21 09:55:41
UNI/USD,22.837,22.855,11-06-21 09:55:31
UNI/USD,22.837,22.855,11-06-21 09:55:21
UNI/USD,22.845,22.864,11-06-21 09:55:11
UNI/USD,22.838,22.855,11-06-21 09:55:01
UNI/USD,22.835,22.855,11-06-21 09:54:51
UNI/USD,22.836,22.855,11-06-21 09:54:41
UNI/USD,22.841,22.86,11-06-21 09:54:31
UNI/USD,22.843,22.864,11-06-21 09:54:21
UNI/USD,22.832,22.853,11-06-21 09:54:11
UNI/USD,22.84,22.857,11-06-21 09:54:01
UNI/USD,22.85,22.867,11-06-21 09:53:51
UNI/USD,22.849,22.871,11-06-21 09:53:41
UNI/USD,22.849,22.869,11-06-21 09:53:31
UNI/USD,22.851,22.869,11-06-21 09:53:21
UNI/USD,22.837,22.857,11-06-21 09:53:11
UNI/USD,22.838,22.857,11-06-21 09:53:01
UNI/USD,22.849,22.867,11-06-21 09:52:51
UNI/USD,22.844,22.858,11-06-21 09:52:41
UNI/USD,22.854,22.872,11-06-21 09:52:31
UNI/USD,22.845,22.865,11-06-21 09:52:21
UNI/USD,22.846,22.865,11-06-21 09:52:11
UNI/USD,22.848,22.865,11-06-21 09:52:01
UNI/USD,22.85,22.865,11-06-21 09:51:51
UNI/USD,22.843,22.865,11-06-21 09:51:41
UNI/USD,22.84,22.861,11-06-21 09:51:31
UNI/USD,22.848,22.867,11-06-21 09:51:21
UNI/USD,22.846,22.868,11-06-21 09:51:11
UNI/USD,22.861,22.881,11-06-21 09:51:01
UNI/USD,22.871,22.89,11-06-21 09:50:51
UNI/USD,22.868,22.891,11-06-21 09:50:41
UNI/USD,22.877,22.898,11-06-21 09:50:31
UNI/USD,22.874,22.897,11-06-21 09:50:21
UNI/USD,22.874,22.897,11-06-21 09:50:11
UNI/USD,22.865,22.888,11-06-21 09:50:01
UNI/USD,22.869,22.895,11-06-21 09:49:51
UNI/USD,22.879,22.9,11-06-21 09:49:41
UNI/USD,22.885,22.907,11-06-21 09:49:31
UNI/USD,22.876,22.899,11-06-21 09:49:21
UNI/USD,22.883,22.905,11-06-21 09:49:11
UNI/USD,22.87,22.896,11-06-21 09:49:01
UNI/USD,22.877,22.903,11-06-21 09:48:51
UNI/USD,22.873,22.898,11-06-21 09:48:41
UNI/USD,22.854,22.879,11-06-21 09:48:31
UNI/USD,22.854,22.879,11-06-21 09:48:21
UNI/USD,22.861,22.887,11-06-21 09:48:11
UNI/USD,22.875,22.91,11-06-21 09:48:01
UNI/USD,22.841,22.868,11-06-21 09:47:51
UNI/USD,22.833,22.85,11-06-21 09:47:41
UNI/USD,22.857,22.881,11-06-21 09:47:31
UNI/USD,22.869,22.891,11-06-21 09:47:21
UNI/USD,22.839,22.849,11-06-21 09:47:11
UNI/USD,22.842,22.864,11-06-21 09:47:01
UNI/USD,22.857,22.864,11-06-21 09:46:51
UNI/USD,22.862,22.875,11-06-21 09:46:41
UNI/USD,22.861,22.88,11-06-21 09:46:31
UNI/USD,22.866,22.886,11-06-21 09:46:21
UNI/USD,22.871,22.884,11-06-21 09:46:11
UNI/USD,22.867,22.885,11-06-21 09:46:01
UNI/USD,22.857,22.862,11-06-21 09:45:51
UNI/USD,22.857,22.872,11-06-21 09:45:41
UNI/USD,22.857,22.872,11-06-21 09:45:31
UNI/USD,22.859,22.885,11-06-21 09:45:21
UNI/USD,22.901,22.924,11-06-21 09:45:11
UNI/USD,22.906,22.925,11-06-21 09:45:01
UNI/USD,22.894,22.921,11-06-21 09:44:51
UNI/USD,22.906,22.919,11-06-21 09:44:41
UNI/USD,22.914,22.933,11-06-21 09:44:31
UNI/USD,22.922,22.935,11-06-21 09:44:21
UNI/USD,22.924,22.941,11-06-21 09:44:11
UNI/USD,22.924,22.945,11-06-21 09:44:01
UNI/USD,22.924,22.941,11-06-21 09:43:51
UNI/USD,22.92,22.94,11-06-21 09:43:41
UNI/USD,22.926,22.941,11-06-21 09:43:31
UNI/USD,22.934,22.957,11-06-21 09:43:21
UNI/USD,22.927,22.945,11-06-21 09:43:11
UNI/USD,22.92,22.937,11-06-21 09:43:01
UNI/USD,22.928,22.948,11-06-21 09:42:51
UNI/USD,22.928,22.951,11-06-21 09:42:41
UNI/USD,22.911,22.927,11-06-21 09:42:31
UNI/USD,22.911,22.93,11-06-21 09:42:21
UNI/USD,22.913,22.929,11-06-21 09:42:11
UNI/USD,22.934,22.947,11-06-21 09:42:01
UNI/USD,22.936,22.95,11-06-21 09:41:51
UNI/USD,22.937,22.947,11-06-21 09:41:41
UNI/USD,22.931,22.946,11-06-21 09:41:31
UNI/USD,22.932,22.947,11-06-21 09:41:21
UNI/USD,22.935,22.95,11-06-21 09:41:11
UNI/USD,22.933,22.95,11-06-21 09:41:01
UNI/USD,22.933,22.954,11-06-21 09:40:51
UNI/USD,22.928,22.948,11-06-21 09:40:41
UNI/USD,22.928,22.944,11-06-21 09:40:31
UNI/USD,22.922,22.941,11-06-21 09:40:21
UNI/USD,22.914,22.932,11-06-21 09:40:11
UNI/USD,22.914,22.93,11-06-21 09:40:01
UNI/USD,22.913,22.928,11-06-21 09:39:51
UNI/USD,22.921,22.935,11-06-21 09:39:41
UNI/USD,22.921,22.938,11-06-21 09:39:31
UNI/USD,22.926,22.942,11-06-21 09:39:21
UNI/USD,22.915,22.931,11-06-21 09:39:11
UNI/USD,22.913,22.927,11-06-21 09:39:01
UNI/USD,22.913,22.927,11-06-21 09:38:51
UNI/USD,22.913,22.931,11-06-21 09:38:41
UNI/USD,22.913,22.931,11-06-21 09:38:31
UNI/USD,22.913,22.931,11-06-21 09:38:21
UNI/USD,22.919,22.939,11-06-21 09:38:11
UNI/USD,22.913,22.925,11-06-21 09:38:01
UNI/USD,22.913,22.925,11-06-21 09:37:51
UNI/USD,22.913,22.925,11-06-21 09:37:41
UNI/USD,22.913,22.926,11-06-21 09:37:31
UNI/USD,22.917,22.938,11-06-21 09:37:21
UNI/USD,22.913,22.928,11-06-21 09:37:11
UNI/USD,22.921,22.935,11-06-21 09:37:01
UNI/USD,22.931,22.949,11-06-21 09:36:51
UNI/USD,22.926,22.944,11-06-21 09:36:41
UNI/USD,22.929,22.949,11-06-21 09:36:31
UNI/USD,22.926,22.944,11-06-21 09:36:21
UNI/USD,22.932,22.953,11-06-21 09:36:11
UNI/USD,22.913,22.925,11-06-21 09:36:01
UNI/USD,22.916,22.932,11-06-21 09:35:51
UNI/USD,22.923,22.94,11-06-21 09:35:41
UNI/USD,22.941,22.946,11-06-21 09:35:31
UNI/USD,22.941,22.946,11-06-21 09:35:21
UNI/USD,22.941,22.953,11-06-21 09:35:11
UNI/USD,22.941,22.961,11-06-21 09:35:01
UNI/USD,22.941,22.96,11-06-21 09:34:51
UNI/USD,22.945,22.96,11-06-21 09:34:41
UNI/USD,22.948,22.971,11-06-21 09:34:31
UNI/USD,22.952,22.971,11-06-21 09:34:21
UNI/USD,22.946,22.964,11-06-21 09:34:11
UNI/USD,22.941,22.959,11-06-21 09:34:01
UNI/USD,22.95,22.969,11-06-21 09:33:51
UNI/USD,22.956,22.976,11-06-21 09:33:41
UNI/USD,22.97,22.986,11-06-21 09:33:31
UNI/USD,22.999,23.007,11-06-21 09:33:21
UNI/USD,23.012,23.025,11-06-21 09:33:11
UNI/USD,23.015,23.033,11-06-21 09:33:01
UNI/USD,23.001,23.018,11-06-21 09:32:51
UNI/USD,23.007,23.021,11-06-21 09:32:41
UNI/USD,22.997,23.018,11-06-21 09:32:31
UNI/USD,23.026,23.041,11-06-21 09:32:21
UNI/USD,23.027,23.045,11-06-21 09:32:11
UNI/USD,23.032,23.043,11-06-21 09:32:01
UNI/USD,23.055,23.078,11-06-21 09:31:51
UNI/USD,23.069,23.084,11-06-21 09:31:41
UNI/USD,23.069,23.092,11-06-21 09:31:31
UNI/USD,23.072,23.1,11-06-21 09:31:21
UNI/USD,23.087,23.105,11-06-21 09:31:11
UNI/USD,23.087,23.105,11-06-21 09:31:01
UNI/USD,23.08,23.098,11-06-21 09:30:51
UNI/USD,23.061,23.079,11-06-21 09:30:41
UNI/USD,23.056,23.076,11-06-21 09:30:31
UNI/USD,23.02,23.041,11-06-21 09:30:21
UNI/USD,23.015,23.023,11-06-21 09:30:11
UNI/USD,23.009,23.023,11-06-21 09:30:01
UNI/USD,22.997,23.016,11-06-21 09:29:51
UNI/USD,23.012,23.022,11-06-21 09:29:41
UNI/USD,23.008,23.023,11-06-21 09:29:31
UNI/USD,22.999,23.018,11-06-21 09:29:21
UNI/USD,22.996,23.006,11-06-21 09:29:11
UNI/USD,22.995,23.009,11-06-21 09:29:01
UNI/USD,23.006,23.018,11-06-21 09:28:51
UNI/USD,23.005,23.019,11-06-21 09:28:41
UNI/USD,22.989,22.995,11-06-21 09:28:31
UNI/USD,22.987,22.995,11-06-21 09:28:21
UNI/USD,22.979,22.995,11-06-21 09:28:11
UNI/USD,22.987,22.995,11-06-21 09:28:01
UNI/USD,22.975,22.991,11-06-21 09:27:51
UNI/USD,22.974,22.991,11-06-21 09:27:41
UNI/USD,22.949,22.974,11-06-21 09:27:31
UNI/USD,22.953,22.966,11-06-21 09:27:21
UNI/USD,22.947,22.966,11-06-21 09:27:11
UNI/USD,22.935,22.951,11-06-21 09:27:01
UNI/USD,22.925,22.938,11-06-21 09:26:51
UNI/USD,22.919,22.936,11-06-21 09:26:41
UNI/USD,22.92,22.936,11-06-21 09:26:31
UNI/USD,22.911,22.928,11-06-21 09:26:21
UNI/USD,22.911,22.928,11-06-21 09:26:11
UNI/USD,22.903,22.922,11-06-21 09:26:01
UNI/USD,22.899,22.919,11-06-21 09:25:51
UNI/USD,22.904,22.923,11-06-21 09:25:41
UNI/USD,22.892,22.911,11-06-21 09:25:31
UNI/USD,22.886,22.904,11-06-21 09:25:21
UNI/USD,22.881,22.9,11-06-21 09:25:11
UNI/USD,22.877,22.9,11-06-21 09:25:01
UNI/USD,22.878,22.894,11-06-21 09:24:51
UNI/USD,22.874,22.894,11-06-21 09:24:41
UNI/USD,22.864,22.883,11-06-21 09:24:31
UNI/USD,22.864,22.883,11-06-21 09:24:21
UNI/USD,22.865,22.885,11-06-21 09:24:11
UNI/USD,22.866,22.89,11-06-21 09:24:01
UNI/USD,22.872,22.895,11-06-21 09:23:51
UNI/USD,22.876,22.896,11-06-21 09:23:41
UNI/USD,22.863,22.891,11-06-21 09:23:31
UNI/USD,22.863,22.888,11-06-21 09:23:21
UNI/USD,22.872,22.897,11-06-21 09:23:11
UNI/USD,22.844,22.864,11-06-21 09:23:01
UNI/USD,22.831,22.844,11-06-21 09:22:51
UNI/USD,22.829,22.844,11-06-21 09:22:41
UNI/USD,22.823,22.831,11-06-21 09:22:31
UNI/USD,22.832,22.847,11-06-21 09:22:21
UNI/USD,22.831,22.844,11-06-21 09:22:11
UNI/USD,22.837,22.853,11-06-21 09:22:01
UNI/USD,22.825,22.843,11-06-21 09:21:51
UNI/USD,22.843,22.858,11-06-21 09:21:41
UNI/USD,22.841,22.852,11-06-21 09:21:31
UNI/USD,22.852,22.863,11-06-21 09:21:21
UNI/USD,22.846,22.858,11-06-21 09:21:11
UNI/USD,22.843,22.857,11-06-21 09:21:01
UNI/USD,22.843,22.856,11-06-21 09:20:51
UNI/USD,22.849,22.864,11-06-21 09:20:41
UNI/USD,22.851,22.868,11-06-21 09:20:31
UNI/USD,22.85,22.869,11-06-21 09:20:21
UNI/USD,22.866,22.874,11-06-21 09:20:11
UNI/USD,22.864,22.876,11-06-21 09:20:01
UNI/USD,22.866,22.881,11-06-21 09:19:51
UNI/USD,22.863,22.88,11-06-21 09:19:41
UNI/USD,22.866,22.883,11-06-21 09:19:31
UNI/USD,22.861,22.869,11-06-21 09:19:21
UNI/USD,22.857,22.869,11-06-21 09:19:11
UNI/USD,22.857,22.868,11-06-21 09:19:01
UNI/USD,22.863,22.879,11-06-21 09:18:51
UNI/USD,22.863,22.879,11-06-21 09:18:41
UNI/USD,22.862,22.873,11-06-21 09:18:31
UNI/USD,22.867,22.873,11-06-21 09:18:21
UNI/USD,22.865,22.873,11-06-21 09:18:11
UNI/USD,22.865,22.873,11-06-21 09:18:01
UNI/USD,22.864,22.879,11-06-21 09:17:51
UNI/USD,22.86,22.873,11-06-21 09:17:41
UNI/USD,22.862,22.872,11-06-21 09:17:31
UNI/USD,22.862,22.869,11-06-21 09:17:21
UNI/USD,22.867,22.878,11-06-21 09:17:11
UNI/USD,22.869,22.883,11-06-21 09:17:01
UNI/USD,22.876,22.892,11-06-21 09:16:51
UNI/USD,22.876,22.896,11-06-21 09:16:41
UNI/USD,22.871,22.896,11-06-21 09:16:31
UNI/USD,22.88,22.9,11-06-21 09:16:21
UNI/USD,22.882,22.902,11-06-21 09:16:11
UNI/USD,22.883,22.909,11-06-21 09:16:01
UNI/USD,22.886,22.909,11-06-21 09:15:51
UNI/USD,22.886,22.909,11-06-21 09:15:41
UNI/USD,22.888,22.918,11-06-21 09:15:31
UNI/USD,22.901,22.923,11-06-21 09:15:21
UNI/USD,22.901,22.922,11-06-21 09:15:11
UNI/USD,22.881,22.898,11-06-21 09:15:01
UNI/USD,22.871,22.882,11-06-21 09:14:51
UNI/USD,22.849,22.87,11-06-21 09:14:41
UNI/USD,22.844,22.862,11-06-21 09:14:31
UNI/USD,22.856,22.873,11-06-21 09:14:21
UNI/USD,22.857,22.875,11-06-21 09:14:11
UNI/USD,22.856,22.879,11-06-21 09:14:01
UNI/USD,22.851,22.873,11-06-21 09:13:51
UNI/USD,22.858,22.878,11-06-21 09:13:41
UNI/USD,22.851,22.869,11-06-21 09:13:31
UNI/USD,22.854,22.867,11-06-21 09:13:21
UNI/USD,22.849,22.854,11-06-21 09:13:11
UNI/USD,22.831,22.849,11-06-21 09:13:01
UNI/USD,22.828,22.845,11-06-21 09:12:51
UNI/USD,22.828,22.845,11-06-21 09:12:41
UNI/USD,22.831,22.847,11-06-21 09:12:31
UNI/USD,22.821,22.84,11-06-21 09:12:21
UNI/USD,22.823,22.841,11-06-21 09:12:11
UNI/USD,22.832,22.852,11-06-21 09:12:01
UNI/USD,22.832,22.852,11-06-21 09:11:51
UNI/USD,22.829,22.847,11-06-21 09:11:41
UNI/USD,22.821,22.837,11-06-21 09:11:31
UNI/USD,22.821,22.834,11-06-21 09:11:21
UNI/USD,22.831,22.847,11-06-21 09:11:11
UNI/USD,22.817,22.83,11-06-21 09:11:01
UNI/USD,22.81,22.826,11-06-21 09:10:51
UNI/USD,22.81,22.827,11-06-21 09:10:41
UNI/USD,22.8,22.818,11-06-21 09:10:31
UNI/USD,22.8,22.818,11-06-21 09:10:21
UNI/USD,22.8,22.813,11-06-21 09:10:11
UNI/USD,22.794,22.813,11-06-21 09:10:01
UNI/USD,22.792,22.812,11-06-21 09:09:51
UNI/USD,22.792,22.813,11-06-21 09:09:41
UNI/USD,22.798,22.813,11-06-21 09:09:31
UNI/USD,22.786,22.802,11-06-21 09:09:21
UNI/USD,22.78,22.802,11-06-21 09:09:11
UNI/USD,22.78,22.799,11-06-21 09:09:01
UNI/USD,22.798,22.81,11-06-21 09:08:51
UNI/USD,22.782,22.814,11-06-21 09:08:41
UNI/USD,22.781,22.799,11-06-21 09:08:31
UNI/USD,22.781,22.804,11-06-21 09:08:21
UNI/USD,22.772,22.797,11-06-21 09:08:11
UNI/USD,22.757,22.775,11-06-21 09:08:01
UNI/USD,22.763,22.779,11-06-21 09:07:51
UNI/USD,22.763,22.774,11-06-21 09:07:41
UNI/USD,22.763,22.771,11-06-21 09:07:31
UNI/USD,22.744,22.765,11-06-21 09:07:21
UNI/USD,22.739,22.758,11-06-21 09:07:11
UNI/USD,22.751,22.763,11-06-21 09:07:01
UNI/USD,22.73,22.745,11-06-21 09:06:51
UNI/USD,22.73,22.742,11-06-21 09:06:41
UNI/USD,22.723,22.742,11-06-21 09:06:31
UNI/USD,22.72,22.735,11-06-21 09:06:21
UNI/USD,22.724,22.74,11-06-21 09:06:11
UNI/USD,22.715,22.736,11-06-21 09:06:01
UNI/USD,22.715,22.732,11-06-21 09:05:51
UNI/USD,22.716,22.744,11-06-21 09:05:41
UNI/USD,22.706,22.724,11-06-21 09:05:31
UNI/USD,22.704,22.721,11-06-21 09:05:21
UNI/USD,22.702,22.721,11-06-21 09:05:11
UNI/USD,22.706,22.726,11-06-21 09:05:01
UNI/USD,22.711,22.726,11-06-21 09:04:51
UNI/USD,22.706,22.726,11-06-21 09:04:41
UNI/USD,22.699,22.72,11-06-21 09:04:31
UNI/USD,22.713,22.736,11-06-21 09:04:21
UNI/USD,22.715,22.737,11-06-21 09:04:11
UNI/USD,22.702,22.723,11-06-21 09:04:01
UNI/USD,22.696,22.715,11-06-21 09:03:51
UNI/USD,22.695,22.717,11-06-21 09:03:41
UNI/USD,22.69,22.71,11-06-21 09:03:31
UNI/USD,22.702,22.724,11-06-21 09:03:21
UNI/USD,22.701,22.721,11-06-21 09:03:11
UNI/USD,22.7,22.716,11-06-21 09:03:01
UNI/USD,22.704,22.72,11-06-21 09:02:51
UNI/USD,22.701,22.733,11-06-21 09:02:41
UNI/USD,22.703,22.724,11-06-21 09:02:31
UNI/USD,22.722,22.733,11-06-21 09:02:21
UNI/USD,22.718,22.733,11-06-21 09:02:11
UNI/USD,22.726,22.739,11-06-21 09:02:01
UNI/USD,22.726,22.74,11-06-21 09:01:51
UNI/USD,22.726,22.74,11-06-21 09:01:41
UNI/USD,22.726,22.743,11-06-21 09:01:31
UNI/USD,22.726,22.746,11-06-21 09:01:21
UNI/USD,22.726,22.748,11-06-21 09:01:11
UNI/USD,22.721,22.739,11-06-21 09:01:01
UNI/USD,22.728,22.743,11-06-21 09:00:51
UNI/USD,22.721,22.743,11-06-21 09:00:41
UNI/USD,22.728,22.75,11-06-21 09:00:31
UNI/USD,22.711,22.732,11-06-21 09:00:21
UNI/USD,22.712,22.729,11-06-21 09:00:11
UNI/USD,22.702,22.718,11-06-21 09:00:01
UNI/USD,22.724,22.738,11-06-21 08:59:51
UNI/USD,22.732,22.752,11-06-21 08:59:41
UNI/USD,22.721,22.737,11-06-21 08:59:31
UNI/USD,22.718,22.734,11-06-21 08:59:21
UNI/USD,22.716,22.734,11-06-21 08:59:11
UNI/USD,22.722,22.735,11-06-21 08:59:01
UNI/USD,22.719,22.736,11-06-21 08:58:51
UNI/USD,22.721,22.736,11-06-21 08:58:41
UNI/USD,22.724,22.74,11-06-21 08:58:31
UNI/USD,22.73,22.747,11-06-21 08:58:21
UNI/USD,22.734,22.747,11-06-21 08:58:11
UNI/USD,22.729,22.742,11-06-21 08:58:01
UNI/USD,22.736,22.751,11-06-21 08:57:51
UNI/USD,22.738,22.751,11-06-21 08:57:41
UNI/USD,22.733,22.746,11-06-21 08:57:31
UNI/USD,22.738,22.75,11-06-21 08:57:21
UNI/USD,22.738,22.75,11-06-21 08:57:11
UNI/USD,22.732,22.751,11-06-21 08:57:01
UNI/USD,22.732,22.751,11-06-21 08:56:51
UNI/USD,22.732,22.751,11-06-21 08:56:41
UNI/USD,22.727,22.741,11-06-21 08:56:31
UNI/USD,22.727,22.742,11-06-21 08:56:21
UNI/USD,22.729,22.744,11-06-21 08:56:11
UNI/USD,22.724,22.741,11-06-21 08:56:01
UNI/USD,22.731,22.748,11-06-21 08:55:51
UNI/USD,22.731,22.748,11-06-21 08:55:41
UNI/USD,22.717,22.732,11-06-21 08:55:31
UNI/USD,22.729,22.744,11-06-21 08:55:21
UNI/USD,22.726,22.744,11-06-21 08:55:11
UNI/USD,22.718,22.732,11-06-21 08:55:01
UNI/USD,22.721,22.739,11-06-21 08:54:51
UNI/USD,22.726,22.743,11-06-21 08:54:41
UNI/USD,22.733,22.747,11-06-21 08:54:31
UNI/USD,22.73,22.745,11-06-21 08:54:21
UNI/USD,22.727,22.738,11-06-21 08:54:11
UNI/USD,22.725,22.738,11-06-21 08:54:01
UNI/USD,22.725,22.738,11-06-21 08:53:51
UNI/USD,22.731,22.749,11-06-21 08:53:41
UNI/USD,22.737,22.758,11-06-21 08:53:31
UNI/USD,22.723,22.737,11-06-21 08:53:21
UNI/USD,22.722,22.744,11-06-21 08:53:11
UNI/USD,22.721,22.74,11-06-21 08:53:01
UNI/USD,22.723,22.74,11-06-21 08:52:51
UNI/USD,22.728,22.744,11-06-21 08:52:41
UNI/USD,22.753,22.768,11-06-21 08:52:31
UNI/USD,22.749,22.768,11-06-21 08:52:21
UNI/USD,22.749,22.763,11-06-21 08:52:11
UNI/USD,22.754,22.768,11-06-21 08:52:01
UNI/USD,22.781,22.794,11-06-21 08:51:51
UNI/USD,22.781,22.796,11-06-21 08:51:41
UNI/USD,22.773,22.789,11-06-21 08:51:31
UNI/USD,22.773,22.789,11-06-21 08:51:21
UNI/USD,22.773,22.789,11-06-21 08:51:11
UNI/USD,22.77,22.787,11-06-21 08:51:01
UNI/USD,22.769,22.786,11-06-21 08:50:51
UNI/USD,22.76,22.774,11-06-21 08:50:41
UNI/USD,22.751,22.767,11-06-21 08:50:31
UNI/USD,22.751,22.767,11-06-21 08:50:21
UNI/USD,22.751,22.769,11-06-21 08:50:11
UNI/USD,22.755,22.771,11-06-21 08:50:01
UNI/USD,22.77,22.784,11-06-21 08:49:51
UNI/USD,22.768,22.786,11-06-21 08:49:41
UNI/USD,22.77,22.787,11-06-21 08:49:31
UNI/USD,22.773,22.791,11-06-21 08:49:21
UNI/USD,22.771,22.788,11-06-21 08:49:11
UNI/USD,22.762,22.777,11-06-21 08:49:01
UNI/USD,22.771,22.785,11-06-21 08:48:51
UNI/USD,22.775,22.791,11-06-21 08:48:41
UNI/USD,22.78,22.798,11-06-21 08:48:31
UNI/USD,22.79,22.811,11-06-21 08:48:21
UNI/USD,22.792,22.809,11-06-21 08:48:11
UNI/USD,22.789,22.807,11-06-21 08:48:01
UNI/USD,22.803,22.817,11-06-21 08:47:51
UNI/USD,22.796,22.811,11-06-21 08:47:41
UNI/USD,22.782,22.801,11-06-21 08:47:31
UNI/USD,22.782,22.798,11-06-21 08:47:21
UNI/USD,22.779,22.798,11-06-21 08:47:11
UNI/USD,22.774,22.792,11-06-21 08:47:01
UNI/USD,22.792,22.811,11-06-21 08:46:51
UNI/USD,22.792,22.816,11-06-21 08:46:41
UNI/USD,22.792,22.821,11-06-21 08:46:31
UNI/USD,22.783,22.82,11-06-21 08:46:21
UNI/USD,22.783,22.81,11-06-21 08:46:11
UNI/USD,22.783,22.803,11-06-21 08:46:01
UNI/USD,22.771,22.79,11-06-21 08:45:51
UNI/USD,22.758,22.784,11-06-21 08:45:41
UNI/USD,22.744,22.767,11-06-21 08:45:31
UNI/USD,22.751,22.772,11-06-21 08:45:21
UNI/USD,22.719,22.737,11-06-21 08:45:11
UNI/USD,22.746,22.767,11-06-21 08:45:01
UNI/USD,22.735,22.759,11-06-21 08:44:51
UNI/USD,22.752,22.775,11-06-21 08:44:41
UNI/USD,22.752,22.772,11-06-21 08:44:31
UNI/USD,22.752,22.772,11-06-21 08:44:21
UNI/USD,22.738,22.765,11-06-21 08:44:11
UNI/USD,22.738,22.766,11-06-21 08:44:01
UNI/USD,22.746,22.771,11-06-21 08:43:51
UNI/USD,22.715,22.736,11-06-21 08:43:41
UNI/USD,22.708,22.738,11-06-21 08:43:31
UNI/USD,22.717,22.758,11-06-21 08:43:21
UNI/USD,22.749,22.769,11-06-21 08:43:11
UNI/USD,22.764,22.792,11-06-21 08:43:01
UNI/USD,22.773,22.798,11-06-21 08:42:51
UNI/USD,22.773,22.797,11-06-21 08:42:41
UNI/USD,22.773,22.797,11-06-21 08:42:31
UNI/USD,22.774,22.803,11-06-21 08:42:21
UNI/USD,22.785,22.813,11-06-21 08:42:11
UNI/USD,22.781,22.811,11-06-21 08:42:01
UNI/USD,22.807,22.824,11-06-21 08:41:51
UNI/USD,22.804,22.825,11-06-21 08:41:41
UNI/USD,22.806,22.831,11-06-21 08:41:31
UNI/USD,22.807,22.831,11-06-21 08:41:21
UNI/USD,22.801,22.828,11-06-21 08:41:11
UNI/USD,22.802,22.829,11-06-21 08:41:01
UNI/USD,22.786,22.816,11-06-21 08:40:51
UNI/USD,22.781,22.809,11-06-21 08:40:41
UNI/USD,22.802,22.831,11-06-21 08:40:31
UNI/USD,22.815,22.839,11-06-21 08:40:21
UNI/USD,22.795,22.817,11-06-21 08:40:11
UNI/USD,22.78,22.797,11-06-21 08:40:01
UNI/USD,22.778,22.801,11-06-21 08:39:51
UNI/USD,22.787,22.806,11-06-21 08:39:41
UNI/USD,22.787,22.802,11-06-21 08:39:31
UNI/USD,22.829,22.84,11-06-21 08:39:21
UNI/USD,22.829,22.844,11-06-21 08:39:11
UNI/USD,22.829,22.851,11-06-21 08:39:01
UNI/USD,22.829,22.845,11-06-21 08:38:51
UNI/USD,22.843,22.858,11-06-21 08:38:41
UNI/USD,22.869,22.884,11-06-21 08:38:31
UNI/USD,22.866,22.884,11-06-21 08:38:21
UNI/USD,22.86,22.88,11-06-21 08:38:11
UNI/USD,22.86,22.88,11-06-21 08:38:01
UNI/USD,22.858,22.88,11-06-21 08:37:51
UNI/USD,22.872,22.893,11-06-21 08:37:41
UNI/USD,22.877,22.898,11-06-21 08:37:31
UNI/USD,22.888,22.903,11-06-21 08:37:21
UNI/USD,22.868,22.883,11-06-21 08:37:11
UNI/USD,22.863,22.882,11-06-21 08:37:01
UNI/USD,22.867,22.887,11-06-21 08:36:51
UNI/USD,22.865,22.885,11-06-21 08:36:41
UNI/USD,22.867,22.884,11-06-21 08:36:31
UNI/USD,22.859,22.878,11-06-21 08:36:21
UNI/USD,22.859,22.881,11-06-21 08:36:11
UNI/USD,22.864,22.886,11-06-21 08:36:01
UNI/USD,22.86,22.886,11-06-21 08:35:51
UNI/USD,22.859,22.881,11-06-21 08:35:41
UNI/USD,22.867,22.888,11-06-21 08:35:31
UNI/USD,22.868,22.894,11-06-21 08:35:21
UNI/USD,22.871,22.894,11-06-21 08:35:11
UNI/USD,22.861,22.881,11-06-21 08:35:01
UNI/USD,22.857,22.873,11-06-21 08:34:51
UNI/USD,22.857,22.865,11-06-21 08:34:41
UNI/USD,22.857,22.865,11-06-21 08:34:31
UNI/USD,22.857,22.874,11-06-21 08:34:21
UNI/USD,22.871,22.887,11-06-21 08:34:11
UNI/USD,22.871,22.887,11-06-21 08:34:01
UNI/USD,22.878,22.903,11-06-21 08:33:51
UNI/USD,22.865,22.88,11-06-21 08:33:41
UNI/USD,22.867,22.88,11-06-21 08:33:31
UNI/USD,22.868,22.891,11-06-21 08:33:21
UNI/USD,22.859,22.879,11-06-21 08:33:11
UNI/USD,22.866,22.891,11-06-21 08:33:01
UNI/USD,22.874,22.894,11-06-21 08:32:51
UNI/USD,22.86,22.882,11-06-21 08:32:41
UNI/USD,22.902,22.912,11-06-21 08:32:31
UNI/USD,22.904,22.922,11-06-21 08:32:21
UNI/USD,22.907,22.923,11-06-21 08:32:11
UNI/USD,22.918,22.93,11-06-21 08:32:01
UNI/USD,22.905,22.924,11-06-21 08:31:51
UNI/USD,22.909,22.923,11-06-21 08:31:41
UNI/USD,22.916,22.93,11-06-21 08:31:31
UNI/USD,22.925,22.949,11-06-21 08:31:21
UNI/USD,22.96,22.976,11-06-21 08:31:11
UNI/USD,22.958,22.97,11-06-21 08:31:01
UNI/USD,22.961,22.978,11-06-21 08:30:51
UNI/USD,22.978,22.994,11-06-21 08:30:41
UNI/USD,22.993,23.003,11-06-21 08:30:31
UNI/USD,22.98,23.001,11-06-21 08:30:21
UNI/USD,22.999,23.018,11-06-21 08:30:11
UNI/USD,22.969,22.98,11-06-21 08:30:01
UNI/USD,22.962,22.983,11-06-21 08:29:51
UNI/USD,22.972,22.994,11-06-21 08:29:41
UNI/USD,22.974,22.994,11-06-21 08:29:31
UNI/USD,22.974,22.992,11-06-21 08:29:21
UNI/USD,22.947,22.963,11-06-21 08:29:11
UNI/USD,22.956,22.974,11-06-21 08:29:01
UNI/USD,22.962,22.979,11-06-21 08:28:51
UNI/USD,22.971,22.988,11-06-21 08:28:41
UNI/USD,22.978,22.995,11-06-21 08:28:31
UNI/USD,22.976,22.992,11-06-21 08:28:21
UNI/USD,22.976,22.992,11-06-21 08:28:11
UNI/USD,22.958,22.98,11-06-21 08:28:01
UNI/USD,22.952,22.969,11-06-21 08:27:51
UNI/USD,22.946,22.966,11-06-21 08:27:41
UNI/USD,22.952,22.971,11-06-21 08:27:31
UNI/USD,22.95,22.972,11-06-21 08:27:21
UNI/USD,22.957,22.968,11-06-21 08:27:11
UNI/USD,22.939,22.96,11-06-21 08:27:01
UNI/USD,22.939,22.96,11-06-21 08:26:51
UNI/USD,22.941,22.966,11-06-21 08:26:41
UNI/USD,22.941,22.964,11-06-21 08:26:31
UNI/USD,22.937,22.961,11-06-21 08:26:21
UNI/USD,22.919,22.951,11-06-21 08:26:11
UNI/USD,22.919,22.942,11-06-21 08:26:01
UNI/USD,22.908,22.925,11-06-21 08:25:51
UNI/USD,22.902,22.921,11-06-21 08:25:41
UNI/USD,22.902,22.923,11-06-21 08:25:31
UNI/USD,22.897,22.919,11-06-21 08:25:21
UNI/USD,22.893,22.914,11-06-21 08:25:11
UNI/USD,22.904,22.921,11-06-21 08:25:01
UNI/USD,22.901,22.922,11-06-21 08:24:51
UNI/USD,22.889,22.909,11-06-21 08:24:41
UNI/USD,22.885,22.904,11-06-21 08:24:31
UNI/USD,22.896,22.914,11-06-21 08:24:21
UNI/USD,22.883,22.903,11-06-21 08:24:11
UNI/USD,22.887,22.906,11-06-21 08:24:01
UNI/USD,22.876,22.893,11-06-21 08:23:51
UNI/USD,22.874,22.891,11-06-21 08:23:41
UNI/USD,22.867,22.882,11-06-21 08:23:31
UNI/USD,22.87,22.886,11-06-21 08:23:21
UNI/USD,22.882,22.901,11-06-21 08:23:11
UNI/USD,22.875,22.891,11-06-21 08:23:01
UNI/USD,22.87,22.889,11-06-21 08:22:51
UNI/USD,22.873,22.892,11-06-21 08:22:41
UNI/USD,22.873,22.892,11-06-21 08:22:31
UNI/USD,22.873,22.892,11-06-21 08:22:21
UNI/USD,22.86,22.879,11-06-21 08:22:11
UNI/USD,22.857,22.88,11-06-21 08:22:01
UNI/USD,22.858,22.88,11-06-21 08:21:51
UNI/USD,22.855,22.876,11-06-21 08:21:41
UNI/USD,22.861,22.881,11-06-21 08:21:31
UNI/USD,22.861,22.884,11-06-21 08:21:21
UNI/USD,22.864,22.886,11-06-21 08:21:11
UNI/USD,22.865,22.891,11-06-21 08:21:01
UNI/USD,22.848,22.869,11-06-21 08:20:51
UNI/USD,22.831,22.85,11-06-21 08:20:41
UNI/USD,22.833,22.852,11-06-21 08:20:31
UNI/USD,22.837,22.854,11-06-21 08:20:21
UNI/USD,22.84,22.861,11-06-21 08:20:11
UNI/USD,22.852,22.871,11-06-21 08:20:01
UNI/USD,22.858,22.879,11-06-21 08:19:51
UNI/USD,22.851,22.872,11-06-21 08:19:41
UNI/USD,22.835,22.856,11-06-21 08:19:31
UNI/USD,22.832,22.856,11-06-21 08:19:21
UNI/USD,22.841,22.859,11-06-21 08:19:11
UNI/USD,22.852,22.877,11-06-21 08:19:01
UNI/USD,22.836,22.862,11-06-21 08:18:51
UNI/USD,22.829,22.847,11-06-21 08:18:41
UNI/USD,22.839,22.858,11-06-21 08:18:31
UNI/USD,22.849,22.866,11-06-21 08:18:21
UNI/USD,22.849,22.868,11-06-21 08:18:11
UNI/USD,22.845,22.865,11-06-21 08:18:01
UNI/USD,22.862,22.877,11-06-21 08:17:51
UNI/USD,22.854,22.872,11-06-21 08:17:41
UNI/USD,22.847,22.87,11-06-21 08:17:31
UNI/USD,22.857,22.871,11-06-21 08:17:21
UNI/USD,22.857,22.877,11-06-21 08:17:11
UNI/USD,22.861,22.886,11-06-21 08:17:01
UNI/USD,22.885,22.9,11-06-21 08:16:51
UNI/USD,22.885,22.905,11-06-21 08:16:41
UNI/USD,22.889,22.905,11-06-21 08:16:31
UNI/USD,22.89,22.905,11-06-21 08:16:21
UNI/USD,22.883,22.904,11-06-21 08:16:11
UNI/USD,22.862,22.89,11-06-21 08:16:01
UNI/USD,22.857,22.885,11-06-21 08:15:51
UNI/USD,22.86,22.884,11-06-21 08:15:41
UNI/USD,22.887,22.912,11-06-21 08:15:31
UNI/USD,22.885,22.905,11-06-21 08:15:21
UNI/USD,22.897,22.92,11-06-21 08:15:11
UNI/USD,22.876,22.9,11-06-21 08:15:01
UNI/USD,22.87,22.886,11-06-21 08:14:51
UNI/USD,22.894,22.915,11-06-21 08:14:41
UNI/USD,22.897,22.919,11-06-21 08:14:31
UNI/USD,22.902,22.926,11-06-21 08:14:21
UNI/USD,22.893,22.918,11-06-21 08:14:11
UNI/USD,22.886,22.908,11-06-21 08:14:01
UNI/USD,22.918,22.94,11-06-21 08:13:51
UNI/USD,22.918,22.936,11-06-21 08:13:41
UNI/USD,22.94,22.952,11-06-21 08:13:31
UNI/USD,22.941,22.952,11-06-21 08:13:21
UNI/USD,22.938,22.946,11-06-21 08:13:11
UNI/USD,22.941,22.953,11-06-21 08:13:01
UNI/USD,22.937,22.946,11-06-21 08:12:51
UNI/USD,22.938,22.946,11-06-21 08:12:41
UNI/USD,22.941,22.966,11-06-21 08:12:31
UNI/USD,22.928,22.952,11-06-21 08:12:21
UNI/USD,22.943,22.963,11-06-21 08:12:11
UNI/USD,22.99,22.994,11-06-21 08:12:01
UNI/USD,22.994,23.007,11-06-21 08:11:51
UNI/USD,22.995,23.004,11-06-21 08:11:41
UNI/USD,22.996,23.004,11-06-21 08:11:31
UNI/USD,22.999,23.011,11-06-21 08:11:21
UNI/USD,22.997,23.011,11-06-21 08:11:11
UNI/USD,23.004,23.015,11-06-21 08:11:01
UNI/USD,22.999,23.01,11-06-21 08:10:51
UNI/USD,22.99,22.999,11-06-21 08:10:41
UNI/USD,22.992,23.011,11-06-21 08:10:31
UNI/USD,22.987,23.011,11-06-21 08:10:21
UNI/USD,22.99,23.006,11-06-21 08:10:11
UNI/USD,23.011,23.023,11-06-21 08:10:01
UNI/USD,23.012,23.023,11-06-21 08:09:51
UNI/USD,23.014,23.023,11-06-21 08:09:41
UNI/USD,23.005,23.022,11-06-21 08:09:31
UNI/USD,23.012,23.023,11-06-21 08:09:21
UNI/USD,23.012,23.023,11-06-21 08:09:11
UNI/USD,22.999,23.021,11-06-21 08:09:01
UNI/USD,23.005,23.021,11-06-21 08:08:51
UNI/USD,22.992,23.014,11-06-21 08:08:41
UNI/USD,22.991,23.014,11-06-21 08:08:31
UNI/USD,22.988,23.013,11-06-21 08:08:21
UNI/USD,22.988,23.013,11-06-21 08:08:11
UNI/USD,22.988,23.016,11-06-21 08:08:01
UNI/USD,22.962,22.983,11-06-21 08:07:51
UNI/USD,22.983,23.004,11-06-21 08:07:41
UNI/USD,22.993,23.005,11-06-21 08:07:31
UNI/USD,22.975,22.996,11-06-21 08:07:21
UNI/USD,22.98,23,11-06-21 08:07:11
UNI/USD,22.977,22.998,11-06-21 08:07:01
UNI/USD,22.969,22.991,11-06-21 08:06:51
UNI/USD,22.975,23.003,11-06-21 08:06:41
UNI/USD,22.975,23.007,11-06-21 08:06:31
UNI/USD,22.966,23,11-06-21 08:06:21
UNI/USD,22.978,23.017,11-06-21 08:06:11
UNI/USD,22.998,23.023,11-06-21 08:06:01
UNI/USD,22.971,23.002,11-06-21 08:05:51
UNI/USD,22.994,23.023,11-06-21 08:05:41
UNI/USD,22.983,23.013,11-06-21 08:05:31
UNI/USD,22.972,23.009,11-06-21 08:05:21
UNI/USD,22.977,22.995,11-06-21 08:05:11
UNI/USD,22.933,22.959,11-06-21 08:05:01
UNI/USD,22.915,22.947,11-06-21 08:04:51
UNI/USD,22.928,22.938,11-06-21 08:04:41
UNI/USD,22.914,22.935,11-06-21 08:04:31
UNI/USD,22.898,22.905,11-06-21 08:04:21
UNI/USD,22.87,22.891,11-06-21 08:04:11
UNI/USD,22.872,22.882,11-06-21 08:04:01
UNI/USD,22.856,22.879,11-06-21 08:03:51
UNI/USD,22.859,22.881,11-06-21 08:03:41
UNI/USD,22.853,22.882,11-06-21 08:03:31
UNI/USD,22.846,22.881,11-06-21 08:03:21
UNI/USD,22.812,22.841,11-06-21 08:03:11
UNI/USD,22.833,22.851,11-06-21 08:03:01
UNI/USD,22.803,22.83,11-06-21 08:02:51
UNI/USD,22.816,22.843,11-06-21 08:02:41
UNI/USD,22.843,22.866,11-06-21 08:02:31
UNI/USD,22.837,22.857,11-06-21 08:02:21
UNI/USD,22.831,22.855,11-06-21 08:02:11
UNI/USD,22.851,22.877,11-06-21 08:02:01
UNI/USD,22.854,22.875,11-06-21 08:01:51
UNI/USD,22.846,22.854,11-06-21 08:01:40
UNI/USD,22.838,22.854,11-06-21 08:01:31
UNI/USD,22.826,22.853,11-06-21 08:01:21
UNI/USD,22.81,22.825,11-06-21 08:01:11
UNI/USD,22.804,22.823,11-06-21 08:01:01
UNI/USD,22.803,22.823,11-06-21 08:00:51
UNI/USD,22.803,22.824,11-06-21 08:00:41
UNI/USD,22.804,22.826,11-06-21 08:00:31
UNI/USD,22.802,22.824,11-06-21 08:00:21
UNI/USD,22.805,22.831,11-06-21 08:00:11
UNI/USD,22.819,22.846,11-06-21 08:00:01
UNI/USD,22.806,22.826,11-06-21 07:59:51
UNI/USD,22.793,22.815,11-06-21 07:59:41
UNI/USD,22.787,22.809,11-06-21 07:59:31
UNI/USD,22.801,22.826,11-06-21 07:59:21
UNI/USD,22.784,22.805,11-06-21 07:59:11
UNI/USD,22.798,22.822,11-06-21 07:59:01
UNI/USD,22.777,22.8,11-06-21 07:58:51
UNI/USD,22.775,22.792,11-06-21 07:58:41
UNI/USD,22.778,22.794,11-06-21 07:58:31
UNI/USD,22.775,22.791,11-06-21 07:58:21
UNI/USD,22.766,22.789,11-06-21 07:58:11
UNI/USD,22.766,22.789,11-06-21 07:58:01
UNI/USD,22.776,22.794,11-06-21 07:57:51
UNI/USD,22.777,22.795,11-06-21 07:57:41
UNI/USD,22.789,22.801,11-06-21 07:57:31
UNI/USD,22.791,22.808,11-06-21 07:57:21
UNI/USD,22.784,22.801,11-06-21 07:57:11
UNI/USD,22.777,22.794,11-06-21 07:57:01
UNI/USD,22.779,22.799,11-06-21 07:56:51
UNI/USD,22.776,22.797,11-06-21 07:56:41
UNI/USD,22.79,22.817,11-06-21 07:56:31
UNI/USD,22.782,22.807,11-06-21 07:56:21
UNI/USD,22.78,22.801,11-06-21 07:56:11
UNI/USD,22.8,22.822,11-06-21 07:56:01
UNI/USD,22.798,22.817,11-06-21 07:55:51
UNI/USD,22.796,22.817,11-06-21 07:55:41
UNI/USD,22.806,22.826,11-06-21 07:55:31
UNI/USD,22.785,22.811,11-06-21 07:55:21
UNI/USD,22.784,22.811,11-06-21 07:55:11
UNI/USD,22.799,22.821,11-06-21 07:55:01
UNI/USD,22.791,22.816,11-06-21 07:54:51
UNI/USD,22.752,22.773,11-06-21 07:54:41
UNI/USD,22.749,22.77,11-06-21 07:54:31
UNI/USD,22.718,22.747,11-06-21 07:54:21
UNI/USD,22.71,22.728,11-06-21 07:54:11
UNI/USD,22.707,22.728,11-06-21 07:54:01
UNI/USD,22.724,22.747,11-06-21 07:53:51
UNI/USD,22.724,22.747,11-06-21 07:53:41
UNI/USD,22.724,22.745,11-06-21 07:53:31
UNI/USD,22.751,22.777,11-06-21 07:53:21
UNI/USD,22.715,22.735,11-06-21 07:53:11
UNI/USD,22.715,22.735,11-06-21 07:53:01
UNI/USD,22.715,22.735,11-06-21 07:52:51
UNI/USD,22.704,22.726,11-06-21 07:52:41
UNI/USD,22.704,22.73,11-06-21 07:52:31
UNI/USD,22.704,22.729,11-06-21 07:52:21
UNI/USD,22.704,22.727,11-06-21 07:52:11
UNI/USD,22.706,22.733,11-06-21 07:52:01
UNI/USD,22.713,22.74,11-06-21 07:51:51
UNI/USD,22.701,22.734,11-06-21 07:51:41
UNI/USD,22.726,22.752,11-06-21 07:51:31
UNI/USD,22.726,22.753,11-06-21 07:51:21
UNI/USD,22.693,22.716,11-06-21 07:51:11
UNI/USD,22.714,22.739,11-06-21 07:51:01
UNI/USD,22.714,22.739,11-06-21 07:50:51
UNI/USD,22.729,22.754,11-06-21 07:50:41
UNI/USD,22.698,22.726,11-06-21 07:50:31
UNI/USD,22.698,22.723,11-06-21 07:50:21
UNI/USD,22.699,22.725,11-06-21 07:50:10
UNI/USD,22.678,22.711,11-06-21 07:50:01
UNI/USD,22.681,22.708,11-06-21 07:49:51
UNI/USD,22.7,22.72,11-06-21 07:49:41
UNI/USD,22.7,22.725,11-06-21 07:49:31
UNI/USD,22.7,22.717,11-06-21 07:49:21
UNI/USD,22.717,22.734,11-06-21 07:49:11
UNI/USD,22.73,22.747,11-06-21 07:49:01
UNI/USD,22.75,22.759,11-06-21 07:48:51
UNI/USD,22.757,22.782,11-06-21 07:48:41
UNI/USD,22.762,22.775,11-06-21 07:48:31
UNI/USD,22.762,22.775,11-06-21 07:48:21
UNI/USD,22.755,22.783,11-06-21 07:48:11
UNI/USD,22.761,22.793,11-06-21 07:48:01
UNI/USD,22.774,22.802,11-06-21 07:47:51
UNI/USD,22.799,22.828,11-06-21 07:47:41
UNI/USD,22.845,22.874,11-06-21 07:47:31
UNI/USD,22.845,22.872,11-06-21 07:47:21
UNI/USD,22.826,22.841,11-06-21 07:47:11
UNI/USD,22.783,22.812,11-06-21 07:47:01
UNI/USD,22.778,22.795,11-06-21 07:46:51
UNI/USD,22.762,22.778,11-06-21 07:46:41
UNI/USD,22.768,22.789,11-06-21 07:46:31
UNI/USD,22.762,22.784,11-06-21 07:46:21
UNI/USD,22.765,22.789,11-06-21 07:46:11
UNI/USD,22.778,22.799,11-06-21 07:46:01
UNI/USD,22.78,22.805,11-06-21 07:45:51
UNI/USD,22.798,22.828,11-06-21 07:45:41
UNI/USD,22.798,22.828,11-06-21 07:45:31
UNI/USD,22.816,22.85,11-06-21 07:45:21
UNI/USD,22.853,22.88,11-06-21 07:45:11
UNI/USD,22.832,22.857,11-06-21 07:45:01
UNI/USD,22.827,22.838,11-06-21 07:44:51
UNI/USD,22.803,22.823,11-06-21 07:44:41
UNI/USD,22.798,22.818,11-06-21 07:44:31
UNI/USD,22.786,22.81,11-06-21 07:44:21
UNI/USD,22.775,22.804,11-06-21 07:44:11
UNI/USD,22.784,22.811,11-06-21 07:44:01
UNI/USD,22.789,22.811,11-06-21 07:43:51
UNI/USD,22.774,22.803,11-06-21 07:43:41
UNI/USD,22.752,22.776,11-06-21 07:43:31
UNI/USD,22.752,22.775,11-06-21 07:43:21
UNI/USD,22.756,22.783,11-06-21 07:43:11
UNI/USD,22.745,22.757,11-06-21 07:43:01
UNI/USD,22.755,22.78,11-06-21 07:42:51
UNI/USD,22.773,22.791,11-06-21 07:42:41
UNI/USD,22.773,22.79,11-06-21 07:42:31
UNI/USD,22.774,22.795,11-06-21 07:42:21
UNI/USD,22.829,22.837,11-06-21 07:42:11
UNI/USD,22.829,22.846,11-06-21 07:42:01
UNI/USD,22.829,22.846,11-06-21 07:41:51
UNI/USD,22.829,22.846,11-06-21 07:41:41
UNI/USD,22.829,22.851,11-06-21 07:41:31
UNI/USD,22.829,22.843,11-06-21 07:41:21
UNI/USD,22.831,22.856,11-06-21 07:41:11
UNI/USD,22.832,22.856,11-06-21 07:41:01
UNI/USD,22.831,22.857,11-06-21 07:40:51
UNI/USD,22.838,22.854,11-06-21 07:40:41
UNI/USD,22.857,22.878,11-06-21 07:40:31
UNI/USD,22.858,22.879,11-06-21 07:40:21
UNI/USD,22.857,22.876,11-06-21 07:40:11
UNI/USD,22.857,22.876,11-06-21 07:40:01
UNI/USD,22.857,22.869,11-06-21 07:39:51
UNI/USD,22.857,22.869,11-06-21 07:39:41
UNI/USD,22.857,22.891,11-06-21 07:39:31
UNI/USD,22.857,22.872,11-06-21 07:39:21
UNI/USD,22.864,22.89,11-06-21 07:39:11
UNI/USD,22.857,22.875,11-06-21 07:39:01
UNI/USD,22.867,22.89,11-06-21 07:38:51
UNI/USD,22.862,22.885,11-06-21 07:38:41
UNI/USD,22.902,22.913,11-06-21 07:38:31
UNI/USD,22.906,22.931,11-06-21 07:38:21
UNI/USD,22.912,22.932,11-06-21 07:38:11
UNI/USD,22.945,22.965,11-06-21 07:38:01
UNI/USD,22.95,22.965,11-06-21 07:37:51
UNI/USD,22.948,22.958,11-06-21 07:37:41
UNI/USD,22.949,22.963,11-06-21 07:37:31
UNI/USD,22.939,22.952,11-06-21 07:37:21
UNI/USD,22.938,22.96,11-06-21 07:37:11
UNI/USD,22.945,22.96,11-06-21 07:37:01
UNI/USD,22.942,22.96,11-06-21 07:36:51
UNI/USD,22.95,22.968,11-06-21 07:36:41
UNI/USD,22.958,22.981,11-06-21 07:36:31
UNI/USD,22.952,22.98,11-06-21 07:36:21
UNI/USD,22.975,22.995,11-06-21 07:36:11
UNI/USD,22.982,23.006,11-06-21 07:36:01
UNI/USD,22.978,23.005,11-06-21 07:35:51
UNI/USD,22.984,23.013,11-06-21 07:35:41
UNI/USD,22.99,23.013,11-06-21 07:35:31
UNI/USD,22.995,23.019,11-06-21 07:35:21
UNI/USD,22.995,23.023,11-06-21 07:35:11
UNI/USD,22.995,23.021,11-06-21 07:35:01
UNI/USD,23.002,23.023,11-06-21 07:34:51
UNI/USD,23.009,23.023,11-06-21 07:34:41
UNI/USD,23.009,23.023,11-06-21 07:34:31
UNI/USD,22.988,23.02,11-06-21 07:34:21
UNI/USD,22.995,23.02,11-06-21 07:34:11
UNI/USD,22.995,23.014,11-06-21 07:34:01
UNI/USD,22.977,23.005,11-06-21 07:33:51
UNI/USD,22.976,22.995,11-06-21 07:33:41
UNI/USD,22.985,23.007,11-06-21 07:33:31
UNI/USD,22.952,22.995,11-06-21 07:33:21
UNI/USD,22.961,22.993,11-06-21 07:33:11
UNI/USD,22.975,22.995,11-06-21 07:33:01
UNI/USD,22.955,22.99,11-06-21 07:32:51
UNI/USD,22.955,22.976,11-06-21 07:32:41
UNI/USD,22.915,22.938,11-06-21 07:32:31
UNI/USD,22.917,22.938,11-06-21 07:32:21
UNI/USD,22.856,22.874,11-06-21 07:32:11
UNI/USD,22.825,22.846,11-06-21 07:32:01
UNI/USD,22.81,22.826,11-06-21 07:31:51
UNI/USD,22.777,22.799,11-06-21 07:31:41
UNI/USD,22.777,22.794,11-06-21 07:31:31
UNI/USD,22.781,22.794,11-06-21 07:31:21
UNI/USD,22.768,22.78,11-06-21 07:31:11
UNI/USD,22.769,22.784,11-06-21 07:31:01
UNI/USD,22.774,22.79,11-06-21 07:30:51
UNI/USD,22.763,22.78,11-06-21 07:30:41
UNI/USD,22.762,22.774,11-06-21 07:30:31
UNI/USD,22.763,22.777,11-06-21 07:30:21
UNI/USD,22.767,22.783,11-06-21 07:30:11
UNI/USD,22.769,22.784,11-06-21 07:30:01
UNI/USD,22.771,22.788,11-06-21 07:29:51
UNI/USD,22.771,22.787,11-06-21 07:29:41
UNI/USD,22.771,22.791,11-06-21 07:29:31
UNI/USD,22.767,22.789,11-06-21 07:29:21
UNI/USD,22.766,22.785,11-06-21 07:29:11
UNI/USD,22.769,22.79,11-06-21 07:29:01
UNI/USD,22.766,22.785,11-06-21 07:28:51
UNI/USD,22.771,22.797,11-06-21 07:28:41
UNI/USD,22.765,22.787,11-06-21 07:28:31
UNI/USD,22.771,22.792,11-06-21 07:28:21
UNI/USD,22.763,22.776,11-06-21 07:28:11
UNI/USD,22.765,22.778,11-06-21 07:28:01
UNI/USD,22.76,22.774,11-06-21 07:27:51
UNI/USD,22.759,22.768,11-06-21 07:27:41
UNI/USD,22.757,22.768,11-06-21 07:27:31
UNI/USD,22.758,22.772,11-06-21 07:27:21
UNI/USD,22.759,22.77,11-06-21 07:27:11
UNI/USD,22.754,22.768,11-06-21 07:27:01
UNI/USD,22.754,22.774,11-06-21 07:26:51
UNI/USD,22.764,22.776,11-06-21 07:26:41
UNI/USD,22.769,22.781,11-06-21 07:26:31
UNI/USD,22.758,22.774,11-06-21 07:26:21
UNI/USD,22.755,22.774,11-06-21 07:26:11
UNI/USD,22.755,22.771,11-06-21 07:26:01
UNI/USD,22.758,22.775,11-06-21 07:25:51
UNI/USD,22.75,22.771,11-06-21 07:25:41
UNI/USD,22.747,22.764,11-06-21 07:25:31
UNI/USD,22.743,22.762,11-06-21 07:25:21
UNI/USD,22.745,22.758,11-06-21 07:25:11
UNI/USD,22.747,22.766,11-06-21 07:25:01
UNI/USD,22.748,22.772,11-06-21 07:24:51
UNI/USD,22.748,22.769,11-06-21 07:24:41
UNI/USD,22.746,22.761,11-06-21 07:24:31
UNI/USD,22.759,22.78,11-06-21 07:24:21
UNI/USD,22.762,22.78,11-06-21 07:24:11
UNI/USD,22.749,22.765,11-06-21 07:24:01
UNI/USD,22.75,22.772,11-06-21 07:23:51
UNI/USD,22.756,22.781,11-06-21 07:23:41
UNI/USD,22.748,22.769,11-06-21 07:23:31
UNI/USD,22.75,22.772,11-06-21 07:23:21
UNI/USD,22.765,22.785,11-06-21 07:23:11
UNI/USD,22.749,22.77,11-06-21 07:23:01
UNI/USD,22.758,22.779,11-06-21 07:22:51
UNI/USD,22.758,22.774,11-06-21 07:22:41
UNI/USD,22.754,22.771,11-06-21 07:22:31
UNI/USD,22.761,22.784,11-06-21 07:22:21
UNI/USD,22.764,22.783,11-06-21 07:22:11
UNI/USD,22.753,22.769,11-06-21 07:22:01
UNI/USD,22.751,22.767,11-06-21 07:21:51
UNI/USD,22.754,22.775,11-06-21 07:21:41
UNI/USD,22.763,22.771,11-06-21 07:21:31
UNI/USD,22.737,22.759,11-06-21 07:21:21
UNI/USD,22.738,22.763,11-06-21 07:21:11
UNI/USD,22.75,22.775,11-06-21 07:21:01
UNI/USD,22.757,22.782,11-06-21 07:20:51
UNI/USD,22.764,22.79,11-06-21 07:20:41
UNI/USD,22.779,22.805,11-06-21 07:20:31
UNI/USD,22.788,22.817,11-06-21 07:20:21
UNI/USD,22.788,22.813,11-06-21 07:20:11
UNI/USD,22.784,22.807,11-06-21 07:20:01
UNI/USD,22.763,22.789,11-06-21 07:19:51
UNI/USD,22.756,22.785,11-06-21 07:19:41
UNI/USD,22.756,22.785,11-06-21 07:19:31
UNI/USD,22.763,22.789,11-06-21 07:19:21
UNI/USD,22.786,22.807,11-06-21 07:19:11
UNI/USD,22.79,22.823,11-06-21 07:19:01
UNI/USD,22.783,22.812,11-06-21 07:18:51
UNI/USD,22.772,22.804,11-06-21 07:18:41
UNI/USD,22.785,22.809,11-06-21 07:18:31
UNI/USD,22.769,22.786,11-06-21 07:18:21
UNI/USD,22.745,22.769,11-06-21 07:18:11
UNI/USD,22.737,22.762,11-06-21 07:18:01
UNI/USD,22.728,22.756,11-06-21 07:17:51
UNI/USD,22.728,22.758,11-06-21 07:17:41
UNI/USD,22.715,22.741,11-06-21 07:17:31
UNI/USD,22.726,22.753,11-06-21 07:17:21
UNI/USD,22.761,22.784,11-06-21 07:17:11
UNI/USD,22.723,22.75,11-06-21 07:17:01
UNI/USD,22.715,22.742,11-06-21 07:16:51
UNI/USD,22.713,22.732,11-06-21 07:16:41
UNI/USD,22.696,22.716,11-06-21 07:16:31
UNI/USD,22.7,22.723,11-06-21 07:16:21
UNI/USD,22.721,22.746,11-06-21 07:16:11
UNI/USD,22.724,22.749,11-06-21 07:16:01
UNI/USD,22.718,22.739,11-06-21 07:15:51
UNI/USD,22.718,22.74,11-06-21 07:15:41
UNI/USD,22.704,22.724,11-06-21 07:15:31
UNI/USD,22.688,22.705,11-06-21 07:15:21
UNI/USD,22.691,22.71,11-06-21 07:15:11
UNI/USD,22.693,22.714,11-06-21 07:15:01
UNI/USD,22.685,22.707,11-06-21 07:14:51
UNI/USD,22.685,22.708,11-06-21 07:14:41
UNI/USD,22.686,22.705,11-06-21 07:14:31
UNI/USD,22.68,22.699,11-06-21 07:14:21
UNI/USD,22.679,22.7,11-06-21 07:14:11
UNI/USD,22.673,22.694,11-06-21 07:14:01
UNI/USD,22.674,22.695,11-06-21 07:13:51
UNI/USD,22.677,22.701,11-06-21 07:13:41
UNI/USD,22.696,22.722,11-06-21 07:13:31
UNI/USD,22.696,22.717,11-06-21 07:13:21
UNI/USD,22.684,22.708,11-06-21 07:13:11
UNI/USD,22.672,22.694,11-06-21 07:13:01
UNI/USD,22.668,22.689,11-06-21 07:12:51
UNI/USD,22.683,22.704,11-06-21 07:12:41
UNI/USD,22.684,22.704,11-06-21 07:12:31
UNI/USD,22.695,22.719,11-06-21 07:12:21
UNI/USD,22.689,22.71,11-06-21 07:12:11
UNI/USD,22.685,22.707,11-06-21 07:12:01
UNI/USD,22.687,22.713,11-06-21 07:11:51
UNI/USD,22.685,22.709,11-06-21 07:11:41
UNI/USD,22.689,22.709,11-06-21 07:11:31
UNI/USD,22.707,22.731,11-06-21 07:11:21
UNI/USD,22.714,22.737,11-06-21 07:11:11
UNI/USD,22.71,22.73,11-06-21 07:11:01
UNI/USD,22.709,22.729,11-06-21 07:10:51
UNI/USD,22.702,22.72,11-06-21 07:10:41
UNI/USD,22.703,22.725,11-06-21 07:10:31
UNI/USD,22.697,22.719,11-06-21 07:10:21
UNI/USD,22.706,22.725,11-06-21 07:10:11
UNI/USD,22.699,22.721,11-06-21 07:10:01
UNI/USD,22.699,22.727,11-06-21 07:09:51
UNI/USD,22.703,22.721,11-06-21 07:09:41
UNI/USD,22.694,22.717,11-06-21 07:09:31
UNI/USD,22.693,22.72,11-06-21 07:09:21
UNI/USD,22.669,22.695,11-06-21 07:09:11
UNI/USD,22.664,22.691,11-06-21 07:09:01
UNI/USD,22.661,22.678,11-06-21 07:08:51
UNI/USD,22.689,22.707,11-06-21 07:08:41
UNI/USD,22.689,22.704,11-06-21 07:08:31
UNI/USD,22.698,22.72,11-06-21 07:08:21
UNI/USD,22.704,22.725,11-06-21 07:08:11
UNI/USD,22.7,22.726,11-06-21 07:08:01
UNI/USD,22.702,22.723,11-06-21 07:07:51
UNI/USD,22.708,22.729,11-06-21 07:07:41
UNI/USD,22.711,22.734,11-06-21 07:07:31
UNI/USD,22.711,22.74,11-06-21 07:07:21
UNI/USD,22.708,22.731,11-06-21 07:07:11
UNI/USD,22.701,22.725,11-06-21 07:07:01
UNI/USD,22.701,22.725,11-06-21 07:06:51
UNI/USD,22.696,22.725,11-06-21 07:06:41
UNI/USD,22.702,22.725,11-06-21 07:06:31
UNI/USD,22.706,22.728,11-06-21 07:06:21
UNI/USD,22.715,22.745,11-06-21 07:06:11
UNI/USD,22.723,22.748,11-06-21 07:06:01
UNI/USD,22.7,22.726,11-06-21 07:05:51
UNI/USD,22.704,22.735,11-06-21 07:05:41
UNI/USD,22.705,22.73,11-06-21 07:05:31
UNI/USD,22.728,22.753,11-06-21 07:05:21
UNI/USD,22.762,22.786,11-06-21 07:05:11
UNI/USD,22.736,22.759,11-06-21 07:05:01
UNI/USD,22.731,22.754,11-06-21 07:04:51
UNI/USD,22.747,22.771,11-06-21 07:04:41
UNI/USD,22.782,22.802,11-06-21 07:04:31
UNI/USD,22.784,22.795,11-06-21 07:04:21
UNI/USD,22.792,22.818,11-06-21 07:04:11
UNI/USD,22.799,22.825,11-06-21 07:04:01
UNI/USD,22.804,22.825,11-06-21 07:03:51
UNI/USD,22.806,22.831,11-06-21 07:03:41
UNI/USD,22.825,22.847,11-06-21 07:03:31
UNI/USD,22.823,22.858,11-06-21 07:03:21
UNI/USD,22.828,22.849,11-06-21 07:03:11
UNI/USD,22.815,22.832,11-06-21 07:03:01
UNI/USD,22.812,22.836,11-06-21 07:02:51
UNI/USD,22.839,22.861,11-06-21 07:02:41
UNI/USD,22.833,22.854,11-06-21 07:02:31
UNI/USD,22.819,22.847,11-06-21 07:02:21
UNI/USD,22.819,22.847,11-06-21 07:02:11
UNI/USD,22.815,22.839,11-06-21 07:02:01
UNI/USD,22.806,22.834,11-06-21 07:01:51
UNI/USD,22.791,22.816,11-06-21 07:01:41
UNI/USD,22.792,22.817,11-06-21 07:01:31
UNI/USD,22.793,22.817,11-06-21 07:01:21
UNI/USD,22.796,22.823,11-06-21 07:01:11
UNI/USD,22.816,22.839,11-06-21 07:01:01
UNI/USD,22.816,22.847,11-06-21 07:00:51
UNI/USD,22.818,22.84,11-06-21 07:00:41
UNI/USD,22.809,22.834,11-06-21 07:00:31
UNI/USD,22.809,22.835,11-06-21 07:00:21
UNI/USD,22.787,22.826,11-06-21 07:00:11
UNI/USD,22.766,22.79,11-06-21 07:00:01
UNI/USD,22.778,22.808,11-06-21 06:59:51
UNI/USD,22.768,22.799,11-06-21 06:59:41
UNI/USD,22.776,22.806,11-06-21 06:59:31
UNI/USD,22.728,22.755,11-06-21 06:59:21
UNI/USD,22.728,22.757,11-06-21 06:59:11
UNI/USD,22.728,22.749,11-06-21 06:59:01
UNI/USD,22.745,22.76,11-06-21 06:58:51
UNI/USD,22.755,22.767,11-06-21 06:58:41
UNI/USD,22.756,22.771,11-06-21 06:58:31
UNI/USD,22.757,22.773,11-06-21 06:58:21
UNI/USD,22.755,22.772,11-06-21 06:58:11
UNI/USD,22.779,22.794,11-06-21 06:58:01
UNI/USD,22.778,22.796,11-06-21 06:57:51
UNI/USD,22.783,22.801,11-06-21 06:57:41
UNI/USD,22.787,22.804,11-06-21 06:57:31
UNI/USD,22.785,22.805,11-06-21 06:57:21
UNI/USD,22.801,22.812,11-06-21 06:57:11
UNI/USD,22.801,22.815,11-06-21 06:57:01
UNI/USD,22.807,22.824,11-06-21 06:56:51
UNI/USD,22.807,22.827,11-06-21 06:56:41
UNI/USD,22.81,22.831,11-06-21 06:56:31
UNI/USD,22.81,22.833,11-06-21 06:56:21
UNI/USD,22.801,22.817,11-06-21 06:56:11
UNI/USD,22.801,22.817,11-06-21 06:56:01
UNI/USD,22.801,22.808,11-06-21 06:55:51
UNI/USD,22.801,22.812,11-06-21 06:55:41
UNI/USD,22.801,22.815,11-06-21 06:55:31
UNI/USD,22.801,22.815,11-06-21 06:55:21
UNI/USD,22.801,22.816,11-06-21 06:55:11
UNI/USD,22.809,22.829,11-06-21 06:55:01
UNI/USD,22.805,22.824,11-06-21 06:54:51
UNI/USD,22.815,22.834,11-06-21 06:54:41
UNI/USD,22.821,22.839,11-06-21 06:54:31
UNI/USD,22.821,22.837,11-06-21 06:54:21
UNI/USD,22.807,22.825,11-06-21 06:54:11
UNI/USD,22.808,22.819,11-06-21 06:54:01
UNI/USD,22.812,22.832,11-06-21 06:53:51
UNI/USD,22.807,22.819,11-06-21 06:53:41
UNI/USD,22.808,22.824,11-06-21 06:53:31
UNI/USD,22.808,22.827,11-06-21 06:53:21
UNI/USD,22.811,22.831,11-06-21 06:53:11
UNI/USD,22.813,22.831,11-06-21 06:53:01
UNI/USD,22.809,22.829,11-06-21 06:52:51
UNI/USD,22.821,22.843,11-06-21 06:52:41
UNI/USD,22.818,22.836,11-06-21 06:52:31
UNI/USD,22.822,22.841,11-06-21 06:52:21
UNI/USD,22.83,22.849,11-06-21 06:52:11
UNI/USD,22.821,22.842,11-06-21 06:52:01
UNI/USD,22.834,22.856,11-06-21 06:51:51
UNI/USD,22.824,22.844,11-06-21 06:51:41
UNI/USD,22.841,22.86,11-06-21 06:51:31
UNI/USD,22.831,22.85,11-06-21 06:51:21
UNI/USD,22.819,22.834,11-06-21 06:51:11
UNI/USD,22.827,22.843,11-06-21 06:51:01
UNI/USD,22.826,22.844,11-06-21 06:50:51
UNI/USD,22.824,22.844,11-06-21 06:50:41
UNI/USD,22.814,22.832,11-06-21 06:50:31
UNI/USD,22.815,22.834,11-06-21 06:50:21
UNI/USD,22.813,22.826,11-06-21 06:50:11
UNI/USD,22.813,22.83,11-06-21 06:50:01
UNI/USD,22.829,22.852,11-06-21 06:49:51
UNI/USD,22.844,22.867,11-06-21 06:49:41
UNI/USD,22.848,22.871,11-06-21 06:49:31
UNI/USD,22.841,22.863,11-06-21 06:49:21
UNI/USD,22.829,22.845,11-06-21 06:49:11
UNI/USD,22.829,22.845,11-06-21 06:49:01
UNI/USD,22.829,22.85,11-06-21 06:48:51
UNI/USD,22.829,22.85,11-06-21 06:48:41
UNI/USD,22.829,22.848,11-06-21 06:48:31
UNI/USD,22.829,22.854,11-06-21 06:48:21
UNI/USD,22.829,22.851,11-06-21 06:48:11
UNI/USD,22.84,22.858,11-06-21 06:48:01
UNI/USD,22.84,22.863,11-06-21 06:47:51
UNI/USD,22.874,22.886,11-06-21 06:47:41
UNI/USD,22.885,22.9,11-06-21 06:47:31
UNI/USD,22.885,22.906,11-06-21 06:47:21
UNI/USD,22.885,22.901,11-06-21 06:47:11
UNI/USD,22.885,22.906,11-06-21 06:47:01
UNI/USD,22.905,22.927,11-06-21 06:46:51
UNI/USD,22.908,22.927,11-06-21 06:46:41
UNI/USD,22.914,22.94,11-06-21 06:46:31
UNI/USD,22.903,22.927,11-06-21 06:46:21
UNI/USD,22.903,22.927,11-06-21 06:46:11
UNI/USD,22.93,22.952,11-06-21 06:46:01
UNI/USD,22.937,22.959,11-06-21 06:45:51
UNI/USD,22.937,22.959,11-06-21 06:45:41
UNI/USD,22.929,22.952,11-06-21 06:45:31
UNI/USD,22.907,22.93,11-06-21 06:45:21
UNI/USD,22.912,22.93,11-06-21 06:45:11
UNI/USD,22.893,22.909,11-06-21 06:45:01
UNI/USD,22.897,22.91,11-06-21 06:44:51
UNI/USD,22.898,22.905,11-06-21 06:44:41
UNI/USD,22.891,22.905,11-06-21 06:44:31
UNI/USD,22.888,22.907,11-06-21 06:44:21
UNI/USD,22.888,22.905,11-06-21 06:44:11
UNI/USD,22.895,22.912,11-06-21 06:44:01
UNI/USD,22.898,22.921,11-06-21 06:43:51
UNI/USD,22.916,22.93,11-06-21 06:43:41
UNI/USD,22.932,22.954,11-06-21 06:43:31
UNI/USD,22.934,22.954,11-06-21 06:43:21
UNI/USD,22.939,22.961,11-06-21 06:43:11
UNI/USD,22.948,22.965,11-06-21 06:43:01
UNI/USD,22.957,22.975,11-06-21 06:42:51
UNI/USD,22.964,22.988,11-06-21 06:42:41
UNI/USD,22.964,22.98,11-06-21 06:42:31
UNI/USD,22.946,22.984,11-06-21 06:42:21
UNI/USD,22.941,22.96,11-06-21 06:42:11
UNI/USD,22.941,22.964,11-06-21 06:42:01
UNI/USD,22.941,22.965,11-06-21 06:41:51
UNI/USD,22.924,22.94,11-06-21 06:41:41
UNI/USD,22.919,22.943,11-06-21 06:41:31
UNI/USD,22.917,22.925,11-06-21 06:41:21
UNI/USD,22.924,22.93,11-06-21 06:41:11
UNI/USD,22.926,22.933,11-06-21 06:41:01
UNI/USD,22.918,22.932,11-06-21 06:40:51
UNI/USD,22.923,22.941,11-06-21 06:40:41
UNI/USD,22.924,22.941,11-06-21 06:40:31
UNI/USD,22.923,22.942,11-06-21 06:40:21
UNI/USD,22.923,22.942,11-06-21 06:40:11
UNI/USD,22.913,22.928,11-06-21 06:40:01
UNI/USD,22.928,22.94,11-06-21 06:39:51
UNI/USD,22.941,22.955,11-06-21 06:39:41
UNI/USD,22.943,22.955,11-06-21 06:39:31
UNI/USD,22.966,22.98,11-06-21 06:39:21
UNI/USD,22.969,22.981,11-06-21 06:39:11
UNI/USD,22.97,22.984,11-06-21 06:39:01
UNI/USD,22.97,22.984,11-06-21 06:38:51
UNI/USD,22.966,22.984,11-06-21 06:38:41
UNI/USD,22.97,22.989,11-06-21 06:38:31
UNI/USD,22.973,22.989,11-06-21 06:38:21
UNI/USD,22.977,23,11-06-21 06:38:11
UNI/USD,22.969,22.979,11-06-21 06:38:01
UNI/USD,22.969,22.986,11-06-21 06:37:51
UNI/USD,22.969,22.983,11-06-21 06:37:41
UNI/USD,22.966,22.979,11-06-21 06:37:31
UNI/USD,22.962,22.979,11-06-21 06:37:21
UNI/USD,22.961,22.984,11-06-21 06:37:11
UNI/USD,22.96,22.982,11-06-21 06:37:01
UNI/USD,22.963,22.985,11-06-21 06:36:51
UNI/USD,22.979,22.999,11-06-21 06:36:41
UNI/USD,22.985,23.003,11-06-21 06:36:31
UNI/USD,22.976,23.004,11-06-21 06:36:21
UNI/USD,22.971,22.99,11-06-21 06:36:11
UNI/USD,22.971,22.99,11-06-21 06:36:01
UNI/USD,22.985,23,11-06-21 06:35:51
UNI/USD,22.989,23.01,11-06-21 06:35:41
UNI/USD,22.984,23.005,11-06-21 06:35:31
UNI/USD,22.979,23.002,11-06-21 06:35:21
UNI/USD,22.98,23.001,11-06-21 06:35:11
UNI/USD,22.974,22.993,11-06-21 06:35:01
UNI/USD,22.961,22.981,11-06-21 06:34:51
UNI/USD,22.961,22.983,11-06-21 06:34:41
UNI/USD,22.962,22.983,11-06-21 06:34:31
UNI/USD,22.966,22.99,11-06-21 06:34:21
UNI/USD,22.975,22.996,11-06-21 06:34:11
UNI/USD,22.98,23.001,11-06-21 06:34:01
UNI/USD,22.981,23.001,11-06-21 06:33:51
UNI/USD,22.981,23.003,11-06-21 06:33:41
UNI/USD,22.979,22.996,11-06-21 06:33:31
UNI/USD,22.969,22.984,11-06-21 06:33:21
UNI/USD,22.958,22.977,11-06-21 06:33:11
UNI/USD,22.954,22.976,11-06-21 06:33:01
UNI/USD,22.953,22.973,11-06-21 06:32:51
UNI/USD,22.965,22.983,11-06-21 06:32:41
UNI/USD,22.945,22.963,11-06-21 06:32:31
UNI/USD,22.943,22.963,11-06-21 06:32:21
UNI/USD,22.941,22.962,11-06-21 06:32:11
UNI/USD,22.943,22.963,11-06-21 06:32:01
UNI/USD,22.943,22.958,11-06-21 06:31:51
UNI/USD,22.933,22.954,11-06-21 06:31:41
UNI/USD,22.939,22.96,11-06-21 06:31:31
UNI/USD,22.932,22.949,11-06-21 06:31:21
UNI/USD,22.93,22.953,11-06-21 06:31:11
UNI/USD,22.932,22.953,11-06-21 06:31:01
UNI/USD,22.924,22.954,11-06-21 06:30:51
UNI/USD,22.923,22.941,11-06-21 06:30:41
UNI/USD,22.923,22.946,11-06-21 06:30:31
UNI/USD,22.897,22.913,11-06-21 06:30:21
UNI/USD,22.896,22.914,11-06-21 06:30:11
UNI/USD,22.899,22.918,11-06-21 06:30:01
UNI/USD,22.902,22.918,11-06-21 06:29:51
UNI/USD,22.908,22.918,11-06-21 06:29:41
UNI/USD,22.911,22.929,11-06-21 06:29:31
UNI/USD,22.913,22.929,11-06-21 06:29:21
UNI/USD,22.919,22.938,11-06-21 06:29:11
UNI/USD,22.931,22.951,11-06-21 06:29:01
UNI/USD,22.925,22.947,11-06-21 06:28:51
UNI/USD,22.917,22.933,11-06-21 06:28:41
UNI/USD,22.915,22.935,11-06-21 06:28:31
UNI/USD,22.91,22.929,11-06-21 06:28:21
UNI/USD,22.91,22.929,11-06-21 06:28:11
UNI/USD,22.894,22.914,11-06-21 06:28:01
UNI/USD,22.898,22.915,11-06-21 06:27:51
UNI/USD,22.912,22.927,11-06-21 06:27:41
UNI/USD,22.93,22.943,11-06-21 06:27:31
UNI/USD,22.935,22.949,11-06-21 06:27:21
UNI/USD,22.938,22.954,11-06-21 06:27:11
UNI/USD,22.941,22.959,11-06-21 06:27:01
UNI/USD,22.939,22.957,11-06-21 06:26:51
UNI/USD,22.938,22.957,11-06-21 06:26:41
UNI/USD,22.934,22.947,11-06-21 06:26:31
UNI/USD,22.936,22.956,11-06-21 06:26:21
UNI/USD,22.938,22.956,11-06-21 06:26:11
UNI/USD,22.948,22.968,11-06-21 06:26:01
UNI/USD,22.952,22.972,11-06-21 06:25:51
UNI/USD,22.937,22.961,11-06-21 06:25:41
UNI/USD,22.935,22.954,11-06-21 06:25:31
UNI/USD,22.939,22.96,11-06-21 06:25:21
UNI/USD,22.931,22.947,11-06-21 06:25:11
UNI/USD,22.916,22.931,11-06-21 06:25:01
UNI/USD,22.92,22.938,11-06-21 06:24:51
UNI/USD,22.922,22.941,11-06-21 06:24:41
UNI/USD,22.922,22.948,11-06-21 06:24:31
UNI/USD,22.939,22.968,11-06-21 06:24:21
UNI/USD,22.921,22.94,11-06-21 06:24:11
UNI/USD,22.919,22.94,11-06-21 06:24:01
UNI/USD,22.914,22.94,11-06-21 06:23:51
UNI/USD,22.921,22.943,11-06-21 06:23:41
UNI/USD,22.91,22.934,11-06-21 06:23:31
UNI/USD,22.891,22.914,11-06-21 06:23:21
UNI/USD,22.889,22.913,11-06-21 06:23:11
UNI/USD,22.917,22.932,11-06-21 06:23:01
UNI/USD,22.933,22.948,11-06-21 06:22:51
UNI/USD,22.931,22.954,11-06-21 06:22:41
UNI/USD,22.929,22.943,11-06-21 06:22:31
UNI/USD,22.948,22.966,11-06-21 06:22:21
UNI/USD,22.933,22.957,11-06-21 06:22:11
UNI/USD,22.926,22.942,11-06-21 06:22:01
UNI/USD,22.928,22.941,11-06-21 06:21:51
UNI/USD,22.93,22.943,11-06-21 06:21:41
UNI/USD,22.929,22.947,11-06-21 06:21:31
UNI/USD,22.933,22.947,11-06-21 06:21:21
UNI/USD,22.932,22.947,11-06-21 06:21:11
UNI/USD,22.93,22.947,11-06-21 06:21:01
UNI/USD,22.934,22.953,11-06-21 06:20:51
UNI/USD,22.933,22.953,11-06-21 06:20:41
UNI/USD,22.916,22.936,11-06-21 06:20:31
UNI/USD,22.921,22.938,11-06-21 06:20:21
UNI/USD,22.941,22.955,11-06-21 06:20:11
UNI/USD,22.961,22.974,11-06-21 06:20:01
UNI/USD,22.957,22.974,11-06-21 06:19:51
UNI/USD,22.957,22.979,11-06-21 06:19:41
UNI/USD,22.95,22.972,11-06-21 06:19:31
UNI/USD,22.967,22.982,11-06-21 06:19:21
UNI/USD,22.976,22.996,11-06-21 06:19:11
UNI/USD,22.98,22.997,11-06-21 06:19:01
UNI/USD,22.976,22.997,11-06-21 06:18:51
UNI/USD,22.969,22.991,11-06-21 06:18:41
UNI/USD,22.97,22.991,11-06-21 06:18:31
UNI/USD,22.966,22.985,11-06-21 06:18:21
UNI/USD,22.967,22.982,11-06-21 06:18:11
UNI/USD,22.96,22.981,11-06-21 06:18:01
UNI/USD,22.967,22.996,11-06-21 06:17:51
UNI/USD,22.951,22.973,11-06-21 06:17:41
UNI/USD,22.962,22.983,11-06-21 06:17:31
UNI/USD,22.958,22.984,11-06-21 06:17:21
UNI/USD,22.941,22.963,11-06-21 06:17:11
UNI/USD,22.948,22.97,11-06-21 06:17:01
UNI/USD,22.945,22.966,11-06-21 06:16:51
UNI/USD,22.96,22.976,11-06-21 06:16:41
UNI/USD,22.959,22.975,11-06-21 06:16:31
UNI/USD,22.948,22.967,11-06-21 06:16:21
UNI/USD,22.969,22.99,11-06-21 06:16:11
UNI/USD,22.987,23.007,11-06-21 06:16:01
UNI/USD,23.001,23.01,11-06-21 06:15:51
UNI/USD,23.018,23.029,11-06-21 06:15:41
UNI/USD,23.026,23.041,11-06-21 06:15:31
UNI/USD,23.025,23.038,11-06-21 06:15:21
UNI/USD,23.018,23.03,11-06-21 06:15:11
UNI/USD,23.018,23.035,11-06-21 06:15:01
UNI/USD,23.018,23.035,11-06-21 06:14:51
UNI/USD,23.018,23.035,11-06-21 06:14:41
UNI/USD,23.019,23.035,11-06-21 06:14:31
UNI/USD,23.019,23.035,11-06-21 06:14:21
UNI/USD,23.022,23.039,11-06-21 06:14:11
UNI/USD,23.018,23.034,11-06-21 06:14:01
UNI/USD,23.02,23.038,11-06-21 06:13:51
UNI/USD,23.014,23.031,11-06-21 06:13:41
UNI/USD,23.017,23.031,11-06-21 06:13:31
UNI/USD,23.029,23.046,11-06-21 06:13:21
UNI/USD,23.029,23.046,11-06-21 06:13:11
UNI/USD,23.025,23.048,11-06-21 06:13:01
UNI/USD,23.03,23.048,11-06-21 06:12:51
UNI/USD,23.03,23.053,11-06-21 06:12:41
UNI/USD,23.022,23.04,11-06-21 06:12:31
UNI/USD,23.021,23.036,11-06-21 06:12:21
UNI/USD,23.022,23.038,11-06-21 06:12:11
UNI/USD,23.027,23.048,11-06-21 06:12:01
UNI/USD,23.027,23.046,11-06-21 06:11:51
UNI/USD,23.029,23.05,11-06-21 06:11:41
UNI/USD,23.016,23.039,11-06-21 06:11:31
UNI/USD,23.016,23.039,11-06-21 06:11:21
UNI/USD,23.016,23.039,11-06-21 06:11:11
UNI/USD,23.014,23.039,11-06-21 06:11:01
UNI/USD,23.02,23.048,11-06-21 06:10:51
UNI/USD,23.03,23.058,11-06-21 06:10:41
UNI/USD,23.03,23.056,11-06-21 06:10:31
UNI/USD,23.025,23.054,11-06-21 06:10:21
UNI/USD,23.015,23.045,11-06-21 06:10:11
UNI/USD,22.988,23.013,11-06-21 06:10:01
UNI/USD,22.994,23.015,11-06-21 06:09:51
UNI/USD,23.012,23.039,11-06-21 06:09:41
UNI/USD,23.044,23.07,11-06-21 06:09:31
UNI/USD,23.06,23.077,11-06-21 06:09:21
UNI/USD,23.047,23.069,11-06-21 06:09:11
UNI/USD,23.052,23.075,11-06-21 06:09:01
UNI/USD,23.024,23.044,11-06-21 06:08:51
UNI/USD,23.024,23.044,11-06-21 06:08:41
UNI/USD,23.029,23.049,11-06-21 06:08:31
UNI/USD,23.039,23.062,11-06-21 06:08:21
UNI/USD,23.04,23.06,11-06-21 06:08:11
UNI/USD,23.052,23.07,11-06-21 06:08:01
UNI/USD,23.021,23.042,11-06-21 06:07:51
UNI/USD,23.004,23.026,11-06-21 06:07:41
UNI/USD,23.006,23.026,11-06-21 06:07:31
UNI/USD,23.025,23.044,11-06-21 06:07:21
UNI/USD,23.032,23.051,11-06-21 06:07:11
UNI/USD,23.047,23.07,11-06-21 06:07:01
UNI/USD,23.031,23.059,11-06-21 06:06:51
UNI/USD,23.031,23.059,11-06-21 06:06:41
UNI/USD,23.031,23.053,11-06-21 06:06:31
UNI/USD,23.021,23.04,11-06-21 06:06:21
UNI/USD,22.996,23.02,11-06-21 06:06:11
UNI/USD,22.984,23.006,11-06-21 06:06:01
UNI/USD,22.987,23.014,11-06-21 06:05:51
UNI/USD,23.003,23.023,11-06-21 06:05:41
UNI/USD,23.005,23.033,11-06-21 06:05:31
UNI/USD,23.005,23.028,11-06-21 06:05:21
UNI/USD,23.013,23.036,11-06-21 06:05:11
UNI/USD,23.016,23.033,11-06-21 06:05:01
UNI/USD,23.003,23.03,11-06-21 06:04:51
UNI/USD,22.993,23.019,11-06-21 06:04:41
UNI/USD,22.98,23.002,11-06-21 06:04:31
UNI/USD,22.987,23.016,11-06-21 06:04:21
UNI/USD,22.994,23.017,11-06-21 06:04:11
UNI/USD,22.981,23.004,11-06-21 06:04:01
UNI/USD,22.989,23.017,11-06-21 06:03:51
UNI/USD,22.969,22.992,11-06-21 06:03:41
UNI/USD,22.993,23.025,11-06-21 06:03:31
UNI/USD,22.982,22.99,11-06-21 06:03:21
UNI/USD,22.969,22.99,11-06-21 06:03:11
UNI/USD,23.019,23.025,11-06-21 06:03:01
UNI/USD,23.008,23.025,11-06-21 06:02:51
UNI/USD,23,23.022,11-06-21 06:02:41
UNI/USD,23.007,23.025,11-06-21 06:02:31
UNI/USD,23.025,23.043,11-06-21 06:02:21
UNI/USD,23.053,23.061,11-06-21 06:02:11
UNI/USD,23.053,23.086,11-06-21 06:02:01
UNI/USD,23.062,23.081,11-06-21 06:01:51
UNI/USD,23.09,23.112,11-06-21 06:01:41
UNI/USD,23.117,23.136,11-06-21 06:01:31
UNI/USD,23.123,23.138,11-06-21 06:01:21
UNI/USD,23.125,23.138,11-06-21 06:01:11
UNI/USD,23.132,23.144,11-06-21 06:01:01
UNI/USD,23.141,23.15,11-06-21 06:00:51
UNI/USD,23.135,23.151,11-06-21 06:00:41
UNI/USD,23.137,23.154,11-06-21 06:00:31
UNI/USD,23.137,23.16,11-06-21 06:00:21
UNI/USD,23.132,23.155,11-06-21 06:00:11
UNI/USD,23.117,23.13,11-06-21 06:00:01
UNI/USD,23.117,23.13,11-06-21 05:59:51
UNI/USD,23.117,23.13,11-06-21 05:59:41
UNI/USD,23.117,23.132,11-06-21 05:59:31
UNI/USD,23.12,23.134,11-06-21 05:59:21
UNI/USD,23.124,23.136,11-06-21 05:59:11
UNI/USD,23.142,23.158,11-06-21 05:59:01
UNI/USD,23.138,23.158,11-06-21 05:58:51
UNI/USD,23.147,23.169,11-06-21 05:58:41
UNI/USD,23.147,23.165,11-06-21 05:58:31
UNI/USD,23.15,23.174,11-06-21 05:58:21
UNI/USD,23.141,23.166,11-06-21 05:58:11
UNI/USD,23.14,23.16,11-06-21 05:58:01
UNI/USD,23.144,23.161,11-06-21 05:57:51
UNI/USD,23.154,23.172,11-06-21 05:57:41
UNI/USD,23.157,23.175,11-06-21 05:57:31
UNI/USD,23.16,23.181,11-06-21 05:57:21
UNI/USD,23.16,23.181,11-06-21 05:57:11
UNI/USD,23.147,23.166,11-06-21 05:57:01
UNI/USD,23.149,23.169,11-06-21 05:56:51
UNI/USD,23.149,23.169,11-06-21 05:56:41
UNI/USD,23.154,23.175,11-06-21 05:56:31
UNI/USD,23.151,23.173,11-06-21 05:56:21
UNI/USD,23.159,23.179,11-06-21 05:56:11
UNI/USD,23.181,23.198,11-06-21 05:56:01
UNI/USD,23.177,23.198,11-06-21 05:55:51
UNI/USD,23.184,23.201,11-06-21 05:55:41
UNI/USD,23.18,23.196,11-06-21 05:55:31
UNI/USD,23.173,23.19,11-06-21 05:55:21
UNI/USD,23.172,23.19,11-06-21 05:55:11
UNI/USD,23.17,23.185,11-06-21 05:55:01
UNI/USD,23.17,23.181,11-06-21 05:54:51
UNI/USD,23.168,23.181,11-06-21 05:54:41
UNI/USD,23.164,23.181,11-06-21 05:54:31
UNI/USD,23.174,23.185,11-06-21 05:54:21
UNI/USD,23.169,23.182,11-06-21 05:54:11
UNI/USD,23.168,23.18,11-06-21 05:54:01
UNI/USD,23.172,23.179,11-06-21 05:53:51
UNI/USD,23.167,23.179,11-06-21 05:53:41
UNI/USD,23.159,23.172,11-06-21 05:53:31
UNI/USD,23.164,23.172,11-06-21 05:53:21
UNI/USD,23.164,23.172,11-06-21 05:53:11
UNI/USD,23.178,23.195,11-06-21 05:53:01
UNI/USD,23.172,23.195,11-06-21 05:52:51
UNI/USD,23.174,23.195,11-06-21 05:52:41
UNI/USD,23.185,23.195,11-06-21 05:52:31
UNI/USD,23.198,23.214,11-06-21 05:52:21
UNI/USD,23.214,23.227,11-06-21 05:52:11
UNI/USD,23.201,23.227,11-06-21 05:52:01
UNI/USD,23.201,23.222,11-06-21 05:51:51
UNI/USD,23.207,23.229,11-06-21 05:51:41
UNI/USD,23.2,23.224,11-06-21 05:51:31
UNI/USD,23.188,23.205,11-06-21 05:51:21
UNI/USD,23.192,23.212,11-06-21 05:51:11
UNI/USD,23.185,23.202,11-06-21 05:51:01
UNI/USD,23.185,23.209,11-06-21 05:50:51
UNI/USD,23.209,23.223,11-06-21 05:50:41
UNI/USD,23.217,23.236,11-06-21 05:50:31
UNI/USD,23.246,23.266,11-06-21 05:50:21
UNI/USD,23.265,23.281,11-06-21 05:50:11
UNI/USD,23.268,23.286,11-06-21 05:50:01
UNI/USD,23.274,23.286,11-06-21 05:49:51
UNI/USD,23.282,23.3,11-06-21 05:49:41
UNI/USD,23.283,23.3,11-06-21 05:49:31
UNI/USD,23.279,23.305,11-06-21 05:49:21
UNI/USD,23.277,23.3,11-06-21 05:49:11
UNI/USD,23.28,23.3,11-06-21 05:49:01
UNI/USD,23.289,23.307,11-06-21 05:48:51
UNI/USD,23.289,23.306,11-06-21 05:48:41
UNI/USD,23.285,23.304,11-06-21 05:48:31
UNI/USD,23.271,23.285,11-06-21 05:48:21
UNI/USD,23.27,23.288,11-06-21 05:48:11
UNI/USD,23.267,23.281,11-06-21 05:48:01
UNI/USD,23.266,23.281,11-06-21 05:47:51
UNI/USD,23.269,23.283,11-06-21 05:47:41
UNI/USD,23.272,23.289,11-06-21 05:47:31
UNI/USD,23.271,23.289,11-06-21 05:47:21
UNI/USD,23.269,23.289,11-06-21 05:47:11
UNI/USD,23.296,23.307,11-06-21 05:47:01
UNI/USD,23.297,23.307,11-06-21 05:46:51
UNI/USD,23.299,23.307,11-06-21 05:46:41
UNI/USD,23.303,23.307,11-06-21 05:46:31
UNI/USD,23.3,23.307,11-06-21 05:46:21
UNI/USD,23.293,23.306,11-06-21 05:46:11
UNI/USD,23.301,23.307,11-06-21 05:46:01
UNI/USD,23.301,23.307,11-06-21 05:45:51
UNI/USD,23.295,23.307,11-06-21 05:45:41
UNI/USD,23.296,23.307,11-06-21 05:45:31
UNI/USD,23.286,23.307,11-06-21 05:45:21
UNI/USD,23.284,23.305,11-06-21 05:45:11
UNI/USD,23.28,23.297,11-06-21 05:45:01
UNI/USD,23.284,23.302,11-06-21 05:44:51
UNI/USD,23.272,23.287,11-06-21 05:44:41
UNI/USD,23.27,23.287,11-06-21 05:44:31
UNI/USD,23.273,23.292,11-06-21 05:44:21
UNI/USD,23.274,23.292,11-06-21 05:44:11
UNI/USD,23.288,23.307,11-06-21 05:44:01
UNI/USD,23.29,23.307,11-06-21 05:43:51
UNI/USD,23.281,23.302,11-06-21 05:43:41
UNI/USD,23.279,23.298,11-06-21 05:43:31
UNI/USD,23.28,23.292,11-06-21 05:43:21
UNI/USD,23.284,23.302,11-06-21 05:43:11
UNI/USD,23.281,23.297,11-06-21 05:43:01
UNI/USD,23.276,23.291,11-06-21 05:42:51
UNI/USD,23.282,23.3,11-06-21 05:42:41
UNI/USD,23.277,23.295,11-06-21 05:42:31
UNI/USD,23.281,23.295,11-06-21 05:42:21
UNI/USD,23.275,23.292,11-06-21 05:42:11
UNI/USD,23.266,23.285,11-06-21 05:42:01
UNI/USD,23.274,23.288,11-06-21 05:41:51
UNI/USD,23.269,23.286,11-06-21 05:41:41
UNI/USD,23.26,23.279,11-06-21 05:41:31
UNI/USD,23.255,23.275,11-06-21 05:41:21
UNI/USD,23.258,23.28,11-06-21 05:41:11
UNI/USD,23.266,23.284,11-06-21 05:41:01
UNI/USD,23.262,23.281,11-06-21 05:40:51
UNI/USD,23.257,23.277,11-06-21 05:40:41
UNI/USD,23.259,23.277,11-06-21 05:40:31
UNI/USD,23.254,23.272,11-06-21 05:40:21
UNI/USD,23.248,23.268,11-06-21 05:40:11
UNI/USD,23.236,23.256,11-06-21 05:40:01
UNI/USD,23.223,23.246,11-06-21 05:39:51
UNI/USD,23.224,23.247,11-06-21 05:39:41
UNI/USD,23.226,23.249,11-06-21 05:39:31
UNI/USD,23.217,23.244,11-06-21 05:39:21
UNI/USD,23.223,23.244,11-06-21 05:39:11
UNI/USD,23.241,23.246,11-06-21 05:39:01
UNI/USD,23.217,23.237,11-06-21 05:38:51
UNI/USD,23.212,23.234,11-06-21 05:38:41
UNI/USD,23.206,23.225,11-06-21 05:38:31
UNI/USD,23.2,23.222,11-06-21 05:38:21
UNI/USD,23.191,23.212,11-06-21 05:38:11
UNI/USD,23.198,23.217,11-06-21 05:38:01
UNI/USD,23.204,23.223,11-06-21 05:37:51
UNI/USD,23.199,23.219,11-06-21 05:37:41
UNI/USD,23.183,23.201,11-06-21 05:37:31
UNI/USD,23.178,23.2,11-06-21 05:37:21
UNI/USD,23.178,23.203,11-06-21 05:37:11
UNI/USD,23.175,23.197,11-06-21 05:37:01
UNI/USD,23.169,23.192,11-06-21 05:36:51
UNI/USD,23.17,23.193,11-06-21 05:36:41
UNI/USD,23.168,23.185,11-06-21 05:36:31
UNI/USD,23.163,23.186,11-06-21 05:36:21
UNI/USD,23.16,23.18,11-06-21 05:36:11
UNI/USD,23.165,23.186,11-06-21 05:36:01
UNI/USD,23.141,23.166,11-06-21 05:35:51
UNI/USD,23.147,23.169,11-06-21 05:35:41
UNI/USD,23.148,23.165,11-06-21 05:35:31
UNI/USD,23.167,23.183,11-06-21 05:35:21
UNI/USD,23.172,23.201,11-06-21 05:35:11
UNI/USD,23.167,23.184,11-06-21 05:35:01
UNI/USD,23.167,23.184,11-06-21 05:34:51
UNI/USD,23.167,23.176,11-06-21 05:34:41
UNI/USD,23.183,23.199,11-06-21 05:34:31
UNI/USD,23.188,23.208,11-06-21 05:34:21
UNI/USD,23.189,23.216,11-06-21 05:34:11
UNI/USD,23.191,23.21,11-06-21 05:34:01
UNI/USD,23.193,23.217,11-06-21 05:33:51
UNI/USD,23.191,23.219,11-06-21 05:33:41
UNI/USD,23.183,23.209,11-06-21 05:33:31
UNI/USD,23.182,23.208,11-06-21 05:33:21
UNI/USD,23.196,23.216,11-06-21 05:33:11
UNI/USD,23.212,23.235,11-06-21 05:33:01
UNI/USD,23.211,23.235,11-06-21 05:32:51
UNI/USD,23.205,23.225,11-06-21 05:32:41
UNI/USD,23.241,23.254,11-06-21 05:32:31
UNI/USD,23.241,23.254,11-06-21 05:32:21
UNI/USD,23.241,23.256,11-06-21 05:32:11
UNI/USD,23.241,23.256,11-06-21 05:32:01
UNI/USD,23.271,23.283,11-06-21 05:31:51
UNI/USD,23.271,23.288,11-06-21 05:31:41
UNI/USD,23.28,23.299,11-06-21 05:31:31
UNI/USD,23.28,23.299,11-06-21 05:31:21
UNI/USD,23.28,23.302,11-06-21 05:31:11
UNI/USD,23.28,23.302,11-06-21 05:31:01
UNI/USD,23.269,23.29,11-06-21 05:30:51
UNI/USD,23.265,23.282,11-06-21 05:30:41
UNI/USD,23.268,23.285,11-06-21 05:30:31
UNI/USD,23.269,23.287,11-06-21 05:30:21
UNI/USD,23.272,23.291,11-06-21 05:30:11
UNI/USD,23.262,23.279,11-06-21 05:30:01
UNI/USD,23.27,23.285,11-06-21 05:29:51
UNI/USD,23.274,23.289,11-06-21 05:29:41
UNI/USD,23.272,23.29,11-06-21 05:29:31
UNI/USD,23.263,23.281,11-06-21 05:29:21
UNI/USD,23.271,23.287,11-06-21 05:29:11
UNI/USD,23.281,23.293,11-06-21 05:29:01
UNI/USD,23.283,23.293,11-06-21 05:28:51
UNI/USD,23.288,23.303,11-06-21 05:28:41
UNI/USD,23.288,23.31,11-06-21 05:28:31
UNI/USD,23.293,23.306,11-06-21 05:28:21
UNI/USD,23.294,23.306,11-06-21 05:28:11
UNI/USD,23.286,23.299,11-06-21 05:28:01
UNI/USD,23.285,23.299,11-06-21 05:27:51
UNI/USD,23.271,23.287,11-06-21 05:27:41
UNI/USD,23.269,23.29,11-06-21 05:27:31
UNI/USD,23.271,23.293,11-06-21 05:27:21
UNI/USD,23.277,23.294,11-06-21 05:27:11
UNI/USD,23.308,23.324,11-06-21 05:27:01
UNI/USD,23.314,23.326,11-06-21 05:26:51
UNI/USD,23.314,23.326,11-06-21 05:26:41
UNI/USD,23.315,23.336,11-06-21 05:26:31
UNI/USD,23.316,23.332,11-06-21 05:26:21
UNI/USD,23.314,23.325,11-06-21 05:26:11
UNI/USD,23.312,23.33,11-06-21 05:26:01
UNI/USD,23.309,23.326,11-06-21 05:25:51
UNI/USD,23.315,23.326,11-06-21 05:25:41
UNI/USD,23.322,23.337,11-06-21 05:25:31
UNI/USD,23.322,23.342,11-06-21 05:25:21
UNI/USD,23.322,23.341,11-06-21 05:25:11
UNI/USD,23.318,23.335,11-06-21 05:25:01
UNI/USD,23.332,23.348,11-06-21 05:24:51
UNI/USD,23.334,23.352,11-06-21 05:24:41
UNI/USD,23.334,23.357,11-06-21 05:24:31
UNI/USD,23.334,23.357,11-06-21 05:24:21
UNI/USD,23.327,23.35,11-06-21 05:24:11
UNI/USD,23.322,23.344,11-06-21 05:24:01
UNI/USD,23.319,23.341,11-06-21 05:23:51
UNI/USD,23.314,23.335,11-06-21 05:23:41
UNI/USD,23.327,23.351,11-06-21 05:23:31
UNI/USD,23.315,23.348,11-06-21 05:23:21
UNI/USD,23.314,23.336,11-06-21 05:23:11
UNI/USD,23.306,23.322,11-06-21 05:23:01
UNI/USD,23.309,23.328,11-06-21 05:22:51
UNI/USD,23.311,23.329,11-06-21 05:22:41
UNI/USD,23.323,23.338,11-06-21 05:22:31
UNI/USD,23.324,23.338,11-06-21 05:22:21
UNI/USD,23.321,23.334,11-06-21 05:22:11
UNI/USD,23.314,23.321,11-06-21 05:22:01
UNI/USD,23.317,23.321,11-06-21 05:21:51
UNI/USD,23.316,23.321,11-06-21 05:21:41
UNI/USD,23.312,23.321,11-06-21 05:21:31
UNI/USD,23.313,23.328,11-06-21 05:21:21
UNI/USD,23.311,23.328,11-06-21 05:21:11
UNI/USD,23.317,23.33,11-06-21 05:21:01
UNI/USD,23.314,23.332,11-06-21 05:20:51
UNI/USD,23.317,23.333,11-06-21 05:20:41
UNI/USD,23.312,23.333,11-06-21 05:20:31
UNI/USD,23.31,23.332,11-06-21 05:20:21
UNI/USD,23.322,23.339,11-06-21 05:20:11
UNI/USD,23.322,23.338,11-06-21 05:20:01
UNI/USD,23.322,23.337,11-06-21 05:19:51
UNI/USD,23.322,23.338,11-06-21 05:19:41
UNI/USD,23.326,23.338,11-06-21 05:19:31
UNI/USD,23.322,23.338,11-06-21 05:19:21
UNI/USD,23.322,23.338,11-06-21 05:19:11
UNI/USD,23.322,23.342,11-06-21 05:19:01
UNI/USD,23.334,23.344,11-06-21 05:18:51
UNI/USD,23.334,23.344,11-06-21 05:18:41
UNI/USD,23.334,23.342,11-06-21 05:18:31
UNI/USD,23.334,23.355,11-06-21 05:18:21
UNI/USD,23.331,23.348,11-06-21 05:18:11
UNI/USD,23.318,23.342,11-06-21 05:18:01
UNI/USD,23.318,23.335,11-06-21 05:17:51
UNI/USD,23.319,23.341,11-06-21 05:17:41
UNI/USD,23.33,23.341,11-06-21 05:17:31
UNI/USD,23.33,23.351,11-06-21 05:17:21
UNI/USD,23.329,23.35,11-06-21 05:17:11
UNI/USD,23.341,23.356,11-06-21 05:17:01
UNI/USD,23.321,23.336,11-06-21 05:16:51
UNI/USD,23.327,23.336,11-06-21 05:16:41
UNI/USD,23.314,23.332,11-06-21 05:16:31
UNI/USD,23.304,23.325,11-06-21 05:16:21
UNI/USD,23.3,23.316,11-06-21 05:16:11
UNI/USD,23.303,23.323,11-06-21 05:16:01
UNI/USD,23.293,23.309,11-06-21 05:15:51
UNI/USD,23.293,23.309,11-06-21 05:15:41
UNI/USD,23.299,23.309,11-06-21 05:15:31
UNI/USD,23.296,23.311,11-06-21 05:15:21
UNI/USD,23.302,23.317,11-06-21 05:15:11
UNI/USD,23.305,23.322,11-06-21 05:15:01
UNI/USD,23.306,23.323,11-06-21 05:14:51
UNI/USD,23.304,23.321,11-06-21 05:14:41
UNI/USD,23.304,23.321,11-06-21 05:14:31
UNI/USD,23.304,23.324,11-06-21 05:14:21
UNI/USD,23.299,23.318,11-06-21 05:14:11
UNI/USD,23.298,23.318,11-06-21 05:14:01
UNI/USD,23.299,23.318,11-06-21 05:13:51
UNI/USD,23.304,23.325,11-06-21 05:13:41
UNI/USD,23.304,23.325,11-06-21 05:13:31
UNI/USD,23.295,23.305,11-06-21 05:13:21
UNI/USD,23.297,23.305,11-06-21 05:13:11
UNI/USD,23.287,23.305,11-06-21 05:13:01
UNI/USD,23.28,23.295,11-06-21 05:12:51
UNI/USD,23.281,23.297,11-06-21 05:12:41
UNI/USD,23.288,23.306,11-06-21 05:12:31
UNI/USD,23.301,23.314,11-06-21 05:12:21
UNI/USD,23.301,23.32,11-06-21 05:12:11
UNI/USD,23.305,23.323,11-06-21 05:12:01
UNI/USD,23.309,23.331,11-06-21 05:11:51
UNI/USD,23.303,23.326,11-06-21 05:11:41
UNI/USD,23.303,23.324,11-06-21 05:11:31
UNI/USD,23.304,23.325,11-06-21 05:11:21
UNI/USD,23.292,23.305,11-06-21 05:11:11
UNI/USD,23.29,23.317,11-06-21 05:11:01
UNI/USD,23.302,23.325,11-06-21 05:10:51
UNI/USD,23.306,23.325,11-06-21 05:10:41
UNI/USD,23.306,23.325,11-06-21 05:10:31
UNI/USD,23.302,23.331,11-06-21 05:10:21
UNI/USD,23.297,23.319,11-06-21 05:10:11
UNI/USD,23.306,23.33,11-06-21 05:10:01
UNI/USD,23.305,23.333,11-06-21 05:09:51
UNI/USD,23.291,23.314,11-06-21 05:09:41
UNI/USD,23.302,23.328,11-06-21 05:09:31
UNI/USD,23.298,23.329,11-06-21 05:09:21
UNI/USD,23.299,23.326,11-06-21 05:09:11
UNI/USD,23.305,23.328,11-06-21 05:09:01
UNI/USD,23.293,23.311,11-06-21 05:08:51
UNI/USD,23.281,23.297,11-06-21 05:08:41
UNI/USD,23.275,23.291,11-06-21 05:08:31
UNI/USD,23.274,23.295,11-06-21 05:08:21
UNI/USD,23.284,23.3,11-06-21 05:08:11
UNI/USD,23.302,23.32,11-06-21 05:08:01
UNI/USD,23.311,23.323,11-06-21 05:07:51
UNI/USD,23.321,23.336,11-06-21 05:07:41
UNI/USD,23.333,23.336,11-06-21 05:07:31
UNI/USD,23.323,23.336,11-06-21 05:07:21
UNI/USD,23.322,23.336,11-06-21 05:07:11
UNI/USD,23.323,23.336,11-06-21 05:07:01
UNI/USD,23.321,23.336,11-06-21 05:06:51
UNI/USD,23.322,23.331,11-06-21 05:06:41
UNI/USD,23.323,23.336,11-06-21 05:06:31
UNI/USD,23.326,23.336,11-06-21 05:06:21
UNI/USD,23.319,23.333,11-06-21 05:06:11
UNI/USD,23.319,23.336,11-06-21 05:06:01
UNI/USD,23.311,23.332,11-06-21 05:05:51
UNI/USD,23.308,23.335,11-06-21 05:05:41
UNI/USD,23.324,23.336,11-06-21 05:05:31
UNI/USD,23.302,23.327,11-06-21 05:05:21
UNI/USD,23.299,23.321,11-06-21 05:05:11
UNI/USD,23.3,23.321,11-06-21 05:05:01
UNI/USD,23.305,23.326,11-06-21 05:04:51
UNI/USD,23.305,23.329,11-06-21 05:04:41
UNI/USD,23.304,23.324,11-06-21 05:04:31
UNI/USD,23.306,23.331,11-06-21 05:04:21
UNI/USD,23.297,23.321,11-06-21 05:04:11
UNI/USD,23.31,23.329,11-06-21 05:04:01
UNI/USD,23.312,23.335,11-06-21 05:03:51
UNI/USD,23.309,23.336,11-06-21 05:03:41
UNI/USD,23.317,23.336,11-06-21 05:03:31
UNI/USD,23.312,23.33,11-06-21 05:03:21
UNI/USD,23.306,23.323,11-06-21 05:03:11
UNI/USD,23.301,23.33,11-06-21 05:03:01
UNI/USD,23.307,23.33,11-06-21 05:02:51
UNI/USD,23.3,23.324,11-06-21 05:02:41
UNI/USD,23.299,23.328,11-06-21 05:02:31
UNI/USD,23.285,23.313,11-06-21 05:02:21
UNI/USD,23.292,23.316,11-06-21 05:02:11
UNI/USD,23.294,23.323,11-06-21 05:02:01
UNI/USD,23.308,23.336,11-06-21 05:01:51
UNI/USD,23.29,23.31,11-06-21 05:01:41
UNI/USD,23.284,23.315,11-06-21 05:01:31
UNI/USD,23.278,23.297,11-06-21 05:01:21
UNI/USD,23.273,23.289,11-06-21 05:01:11
UNI/USD,23.287,23.297,11-06-21 05:01:01
UNI/USD,23.289,23.307,11-06-21 05:00:51
UNI/USD,23.289,23.307,11-06-21 05:00:41
UNI/USD,23.297,23.309,11-06-21 05:00:31
UNI/USD,23.296,23.308,11-06-21 05:00:21
UNI/USD,23.306,23.318,11-06-21 05:00:11
UNI/USD,23.299,23.312,11-06-21 05:00:01
UNI/USD,23.299,23.316,11-06-21 04:59:51
UNI/USD,23.298,23.315,11-06-21 04:59:41
UNI/USD,23.302,23.324,11-06-21 04:59:31
UNI/USD,23.298,23.312,11-06-21 04:59:21
UNI/USD,23.3,23.32,11-06-21 04:59:11
UNI/USD,23.299,23.318,11-06-21 04:59:01
UNI/USD,23.303,23.322,11-06-21 04:58:51
UNI/USD,23.3,23.323,11-06-21 04:58:41
UNI/USD,23.295,23.31,11-06-21 04:58:31
UNI/USD,23.295,23.311,11-06-21 04:58:21
UNI/USD,23.301,23.317,11-06-21 04:58:11
UNI/USD,23.306,23.322,11-06-21 04:58:01
UNI/USD,23.306,23.324,11-06-21 04:57:51
UNI/USD,23.303,23.318,11-06-21 04:57:41
UNI/USD,23.299,23.318,11-06-21 04:57:31
UNI/USD,23.298,23.312,11-06-21 04:57:21
UNI/USD,23.3,23.32,11-06-21 04:57:11
UNI/USD,23.306,23.328,11-06-21 04:57:01
UNI/USD,23.295,23.312,11-06-21 04:56:51
UNI/USD,23.295,23.308,11-06-21 04:56:41
UNI/USD,23.295,23.308,11-06-21 04:56:31
UNI/USD,23.301,23.319,11-06-21 04:56:21
UNI/USD,23.299,23.319,11-06-21 04:56:11
UNI/USD,23.298,23.306,11-06-21 04:56:01
UNI/USD,23.296,23.306,11-06-21 04:55:51
UNI/USD,23.296,23.311,11-06-21 04:55:41
UNI/USD,23.296,23.311,11-06-21 04:55:31
UNI/USD,23.297,23.311,11-06-21 04:55:21
UNI/USD,23.301,23.313,11-06-21 04:55:11
UNI/USD,23.299,23.319,11-06-21 04:55:01
UNI/USD,23.286,23.308,11-06-21 04:54:51
UNI/USD,23.285,23.314,11-06-21 04:54:41
UNI/USD,23.29,23.314,11-06-21 04:54:31
UNI/USD,23.299,23.32,11-06-21 04:54:21
UNI/USD,23.301,23.326,11-06-21 04:54:11
UNI/USD,23.316,23.336,11-06-21 04:54:01
UNI/USD,23.302,23.325,11-06-21 04:53:51
UNI/USD,23.297,23.325,11-06-21 04:53:41
UNI/USD,23.309,23.333,11-06-21 04:53:31
UNI/USD,23.28,23.294,11-06-21 04:53:21
UNI/USD,23.275,23.294,11-06-21 04:53:11
UNI/USD,23.269,23.281,11-06-21 04:53:01
UNI/USD,23.264,23.275,11-06-21 04:52:51
UNI/USD,23.256,23.274,11-06-21 04:52:41
UNI/USD,23.264,23.278,11-06-21 04:52:31
UNI/USD,23.262,23.272,11-06-21 04:52:21
UNI/USD,23.276,23.289,11-06-21 04:52:11
UNI/USD,23.276,23.289,11-06-21 04:52:01
UNI/USD,23.275,23.289,11-06-21 04:51:51
UNI/USD,23.272,23.289,11-06-21 04:51:41
UNI/USD,23.269,23.29,11-06-21 04:51:31
UNI/USD,23.274,23.293,11-06-21 04:51:21
UNI/USD,23.275,23.299,11-06-21 04:51:11
UNI/USD,23.283,23.304,11-06-21 04:51:01
UNI/USD,23.269,23.299,11-06-21 04:50:51
UNI/USD,23.255,23.274,11-06-21 04:50:41
UNI/USD,23.255,23.278,11-06-21 04:50:31
UNI/USD,23.253,23.272,11-06-21 04:50:21
UNI/USD,23.241,23.269,11-06-21 04:50:11
UNI/USD,23.24,23.258,11-06-21 04:50:01
UNI/USD,23.254,23.271,11-06-21 04:49:51
UNI/USD,23.252,23.271,11-06-21 04:49:41
UNI/USD,23.239,23.259,11-06-21 04:49:31
UNI/USD,23.256,23.275,11-06-21 04:49:21
UNI/USD,23.256,23.273,11-06-21 04:49:11
UNI/USD,23.278,23.293,11-06-21 04:49:01
UNI/USD,23.277,23.29,11-06-21 04:48:51
UNI/USD,23.274,23.29,11-06-21 04:48:41
UNI/USD,23.277,23.294,11-06-21 04:48:31
UNI/USD,23.287,23.303,11-06-21 04:48:21
UNI/USD,23.282,23.3,11-06-21 04:48:11
UNI/USD,23.281,23.3,11-06-21 04:48:01
UNI/USD,23.281,23.3,11-06-21 04:47:51
UNI/USD,23.285,23.3,11-06-21 04:47:41
UNI/USD,23.28,23.296,11-06-21 04:47:31
UNI/USD,23.279,23.294,11-06-21 04:47:21
UNI/USD,23.271,23.284,11-06-21 04:47:11
UNI/USD,23.271,23.284,11-06-21 04:47:01
UNI/USD,23.27,23.284,11-06-21 04:46:51
UNI/USD,23.276,23.293,11-06-21 04:46:41
UNI/USD,23.275,23.288,11-06-21 04:46:31
UNI/USD,23.282,23.296,11-06-21 04:46:21
UNI/USD,23.282,23.294,11-06-21 04:46:11
UNI/USD,23.283,23.297,11-06-21 04:46:01
UNI/USD,23.282,23.297,11-06-21 04:45:51
UNI/USD,23.283,23.297,11-06-21 04:45:41
UNI/USD,23.281,23.297,11-06-21 04:45:31
UNI/USD,23.28,23.294,11-06-21 04:45:21
UNI/USD,23.281,23.294,11-06-21 04:45:11
UNI/USD,23.277,23.3,11-06-21 04:45:01
UNI/USD,23.276,23.289,11-06-21 04:44:51
UNI/USD,23.277,23.294,11-06-21 04:44:41
UNI/USD,23.277,23.299,11-06-21 04:44:31
UNI/USD,23.268,23.285,11-06-21 04:44:21
UNI/USD,23.271,23.285,11-06-21 04:44:11
UNI/USD,23.271,23.285,11-06-21 04:44:01
UNI/USD,23.27,23.285,11-06-21 04:43:51
UNI/USD,23.261,23.286,11-06-21 04:43:41
UNI/USD,23.269,23.292,11-06-21 04:43:31
UNI/USD,23.271,23.296,11-06-21 04:43:21
UNI/USD,23.262,23.282,11-06-21 04:43:11
UNI/USD,23.255,23.282,11-06-21 04:43:01
UNI/USD,23.279,23.299,11-06-21 04:42:51
UNI/USD,23.279,23.297,11-06-21 04:42:41
UNI/USD,23.277,23.298,11-06-21 04:42:31
UNI/USD,23.271,23.285,11-06-21 04:42:21
UNI/USD,23.267,23.285,11-06-21 04:42:11
UNI/USD,23.273,23.295,11-06-21 04:42:01
UNI/USD,23.273,23.295,11-06-21 04:41:51
UNI/USD,23.277,23.296,11-06-21 04:41:41
UNI/USD,23.265,23.277,11-06-21 04:41:31
UNI/USD,23.261,23.277,11-06-21 04:41:21
UNI/USD,23.255,23.276,11-06-21 04:41:11
UNI/USD,23.255,23.276,11-06-21 04:41:01
UNI/USD,23.246,23.268,11-06-21 04:40:51
UNI/USD,23.229,23.248,11-06-21 04:40:41
UNI/USD,23.237,23.248,11-06-21 04:40:31
UNI/USD,23.225,23.248,11-06-21 04:40:21
UNI/USD,23.231,23.248,11-06-21 04:40:11
UNI/USD,23.234,23.248,11-06-21 04:40:01
UNI/USD,23.211,23.243,11-06-21 04:39:51
UNI/USD,23.215,23.243,11-06-21 04:39:41
UNI/USD,23.214,23.24,11-06-21 04:39:31
UNI/USD,23.206,23.232,11-06-21 04:39:21
UNI/USD,23.194,23.218,11-06-21 04:39:11
UNI/USD,23.21,23.232,11-06-21 04:39:01
UNI/USD,23.208,23.235,11-06-21 04:38:51
UNI/USD,23.215,23.244,11-06-21 04:38:41
UNI/USD,23.207,23.242,11-06-21 04:38:31
UNI/USD,23.201,23.229,11-06-21 04:38:21
UNI/USD,23.206,23.23,11-06-21 04:38:11
UNI/USD,23.181,23.2,11-06-21 04:38:01
UNI/USD,23.168,23.185,11-06-21 04:37:51
UNI/USD,23.157,23.171,11-06-21 04:37:41
UNI/USD,23.142,23.152,11-06-21 04:37:31
UNI/USD,23.128,23.141,11-06-21 04:37:21
UNI/USD,23.134,23.147,11-06-21 04:37:11
UNI/USD,23.129,23.144,11-06-21 04:37:01
UNI/USD,23.13,23.147,11-06-21 04:36:51
UNI/USD,23.12,23.143,11-06-21 04:36:41
UNI/USD,23.12,23.141,11-06-21 04:36:31
UNI/USD,23.12,23.136,11-06-21 04:36:21
UNI/USD,23.106,23.129,11-06-21 04:36:11
UNI/USD,23.094,23.124,11-06-21 04:36:01
UNI/USD,23.097,23.117,11-06-21 04:35:51
UNI/USD,23.095,23.117,11-06-21 04:35:41
UNI/USD,23.095,23.119,11-06-21 04:35:31
UNI/USD,23.079,23.098,11-06-21 04:35:21
UNI/USD,23.077,23.098,11-06-21 04:35:11
UNI/USD,23.086,23.101,11-06-21 04:35:01
UNI/USD,23.093,23.11,11-06-21 04:34:51
UNI/USD,23.096,23.114,11-06-21 04:34:41
UNI/USD,23.087,23.098,11-06-21 04:34:31
UNI/USD,23.087,23.098,11-06-21 04:34:21
UNI/USD,23.08,23.098,11-06-21 04:34:11
UNI/USD,23.077,23.091,11-06-21 04:34:01
UNI/USD,23.081,23.091,11-06-21 04:33:51
UNI/USD,23.076,23.091,11-06-21 04:33:41
UNI/USD,23.073,23.091,11-06-21 04:33:31
UNI/USD,23.068,23.084,11-06-21 04:33:21
UNI/USD,23.07,23.09,11-06-21 04:33:11
UNI/USD,23.088,23.111,11-06-21 04:33:01
UNI/USD,23.11,23.13,11-06-21 04:32:51
UNI/USD,23.112,23.135,11-06-21 04:32:41
UNI/USD,23.12,23.14,11-06-21 04:32:31
UNI/USD,23.12,23.145,11-06-21 04:32:21
UNI/USD,23.12,23.144,11-06-21 04:32:11
UNI/USD,23.128,23.151,11-06-21 04:32:01
UNI/USD,23.114,23.136,11-06-21 04:31:51
UNI/USD,23.108,23.132,11-06-21 04:31:41
UNI/USD,23.1,23.12,11-06-21 04:31:31
UNI/USD,23.093,23.12,11-06-21 04:31:21
UNI/USD,23.087,23.112,11-06-21 04:31:11
UNI/USD,23.108,23.132,11-06-21 04:31:01
UNI/USD,23.095,23.122,11-06-21 04:30:51
UNI/USD,23.078,23.102,11-06-21 04:30:41
UNI/USD,23.076,23.102,11-06-21 04:30:31
UNI/USD,23.089,23.11,11-06-21 04:30:21
UNI/USD,23.077,23.097,11-06-21 04:30:11
UNI/USD,23.086,23.106,11-06-21 04:30:01
UNI/USD,23.084,23.099,11-06-21 04:29:51
UNI/USD,23.082,23.104,11-06-21 04:29:41
UNI/USD,23.086,23.104,11-06-21 04:29:31
UNI/USD,23.095,23.118,11-06-21 04:29:21
UNI/USD,23.094,23.111,11-06-21 04:29:11
UNI/USD,23.1,23.123,11-06-21 04:29:01
UNI/USD,23.097,23.12,11-06-21 04:28:51
UNI/USD,23.099,23.12,11-06-21 04:28:41
UNI/USD,23.102,23.125,11-06-21 04:28:31
UNI/USD,23.088,23.107,11-06-21 04:28:21
UNI/USD,23.093,23.112,11-06-21 04:28:11
UNI/USD,23.081,23.092,11-06-21 04:28:01
UNI/USD,23.087,23.105,11-06-21 04:27:51
UNI/USD,23.083,23.097,11-06-21 04:27:41
UNI/USD,23.09,23.11,11-06-21 04:27:31
UNI/USD,23.09,23.11,11-06-21 04:27:21
UNI/USD,23.089,23.103,11-06-21 04:27:11
UNI/USD,23.103,23.119,11-06-21 04:27:01
UNI/USD,23.105,23.123,11-06-21 04:26:51
UNI/USD,23.098,23.116,11-06-21 04:26:41
UNI/USD,23.116,23.135,11-06-21 04:26:31
UNI/USD,23.111,23.134,11-06-21 04:26:21
UNI/USD,23.098,23.118,11-06-21 04:26:11
UNI/USD,23.095,23.118,11-06-21 04:26:01
UNI/USD,23.104,23.121,11-06-21 04:25:51
UNI/USD,23.098,23.121,11-06-21 04:25:41
UNI/USD,23.093,23.118,11-06-21 04:25:31
UNI/USD,23.09,23.116,11-06-21 04:25:21
UNI/USD,23.085,23.106,11-06-21 04:25:11
UNI/USD,23.075,23.094,11-06-21 04:25:01
UNI/USD,23.07,23.094,11-06-21 04:24:51
UNI/USD,23.07,23.094,11-06-21 04:24:41
UNI/USD,23.075,23.094,11-06-21 04:24:31
UNI/USD,23.074,23.095,11-06-21 04:24:21
UNI/USD,23.061,23.078,11-06-21 04:24:11
UNI/USD,23.076,23.092,11-06-21 04:24:01
UNI/USD,23.068,23.091,11-06-21 04:23:51
UNI/USD,23.079,23.102,11-06-21 04:23:41
UNI/USD,23.073,23.093,11-06-21 04:23:31
