PAIR,BID,ASK,TIME
ADA/USD,1.5244,1.5257,11-06-21 11:15:41
ADA/USD,1.5239,1.5252,11-06-21 11:15:31
ADA/USD,1.523,1.5244,11-06-21 11:15:21
ADA/USD,1.5231,1.5239,11-06-21 11:15:11
ADA/USD,1.5236,1.5241,11-06-21 11:15:01
ADA/USD,1.5236,1.5243,11-06-21 11:14:51
ADA/USD,1.5236,1.5244,11-06-21 11:14:41
ADA/USD,1.5236,1.5246,11-06-21 11:14:31
ADA/USD,1.5234,1.5249,11-06-21 11:14:21
ADA/USD,1.5233,1.5246,11-06-21 11:14:11
ADA/USD,1.523,1.5242,11-06-21 11:14:01
ADA/USD,1.5225,1.5242,11-06-21 11:13:51
ADA/USD,1.5225,1.5239,11-06-21 11:13:41
ADA/USD,1.5215,1.523,11-06-21 11:13:31
ADA/USD,1.5212,1.5229,11-06-21 11:13:21
ADA/USD,1.5217,1.5231,11-06-21 11:13:11
ADA/USD,1.521,1.5225,11-06-21 11:13:01
ADA/USD,1.5207,1.5221,11-06-21 11:12:51
ADA/USD,1.5207,1.522,11-06-21 11:12:41
ADA/USD,1.521,1.5224,11-06-21 11:12:31
ADA/USD,1.521,1.5224,11-06-21 11:12:21
ADA/USD,1.5226,1.5241,11-06-21 11:12:11
ADA/USD,1.5239,1.525,11-06-21 11:12:01
ADA/USD,1.5242,1.5253,11-06-21 11:11:51
ADA/USD,1.5243,1.5254,11-06-21 11:11:41
ADA/USD,1.5244,1.5256,11-06-21 11:11:31
ADA/USD,1.5244,1.5256,11-06-21 11:11:21
ADA/USD,1.5241,1.5256,11-06-21 11:11:11
ADA/USD,1.5248,1.5259,11-06-21 11:11:01
ADA/USD,1.524,1.5241,11-06-21 11:10:51
ADA/USD,1.524,1.5241,11-06-21 11:10:41
ADA/USD,1.5237,1.5241,11-06-21 11:10:31
ADA/USD,1.5237,1.5241,11-06-21 11:10:20
ADA/USD,1.5239,1.5241,11-06-21 11:10:11
ADA/USD,1.524,1.525,11-06-21 11:10:01
ADA/USD,1.524,1.5252,11-06-21 11:09:51
ADA/USD,1.524,1.5254,11-06-21 11:09:41
ADA/USD,1.5237,1.5251,11-06-21 11:09:31
ADA/USD,1.5241,1.5253,11-06-21 11:09:21
ADA/USD,1.5233,1.5242,11-06-21 11:09:11
ADA/USD,1.5234,1.5242,11-06-21 11:09:01
ADA/USD,1.5232,1.5242,11-06-21 11:08:51
ADA/USD,1.5231,1.5242,11-06-21 11:08:41
ADA/USD,1.523,1.5242,11-06-21 11:08:31
ADA/USD,1.5228,1.5242,11-06-21 11:08:21
ADA/USD,1.5241,1.5242,11-06-21 11:08:11
ADA/USD,1.5234,1.525,11-06-21 11:08:01
ADA/USD,1.5241,1.5253,11-06-21 11:07:51
ADA/USD,1.5244,1.5255,11-06-21 11:07:41
ADA/USD,1.5258,1.5272,11-06-21 11:07:31
ADA/USD,1.5264,1.5276,11-06-21 11:07:21
ADA/USD,1.5264,1.5276,11-06-21 11:07:11
ADA/USD,1.527,1.5281,11-06-21 11:07:01
ADA/USD,1.527,1.5281,11-06-21 11:06:51
ADA/USD,1.5273,1.5283,11-06-21 11:06:41
ADA/USD,1.527,1.5283,11-06-21 11:06:31
ADA/USD,1.5269,1.5282,11-06-21 11:06:20
ADA/USD,1.5269,1.5279,11-06-21 11:06:11
ADA/USD,1.5269,1.5282,11-06-21 11:06:01
ADA/USD,1.5269,1.5282,11-06-21 11:05:51
ADA/USD,1.527,1.5282,11-06-21 11:05:41
ADA/USD,1.5277,1.5289,11-06-21 11:05:31
ADA/USD,1.5276,1.5287,11-06-21 11:05:21
ADA/USD,1.5277,1.5287,11-06-21 11:05:11
ADA/USD,1.5277,1.5291,11-06-21 11:05:01
ADA/USD,1.5277,1.5292,11-06-21 11:04:51
ADA/USD,1.5277,1.5292,11-06-21 11:04:41
ADA/USD,1.5277,1.5292,11-06-21 11:04:31
ADA/USD,1.5277,1.5292,11-06-21 11:04:21
ADA/USD,1.528,1.5292,11-06-21 11:04:11
ADA/USD,1.5285,1.5297,11-06-21 11:04:01
ADA/USD,1.5287,1.53,11-06-21 11:03:51
ADA/USD,1.5287,1.5303,11-06-21 11:03:41
ADA/USD,1.5292,1.5306,11-06-21 11:03:31
ADA/USD,1.5285,1.53,11-06-21 11:03:21
ADA/USD,1.5285,1.5304,11-06-21 11:03:11
ADA/USD,1.5291,1.5303,11-06-21 11:03:01
ADA/USD,1.5284,1.53,11-06-21 11:02:51
ADA/USD,1.5284,1.53,11-06-21 11:02:41
ADA/USD,1.5282,1.53,11-06-21 11:02:31
ADA/USD,1.5281,1.53,11-06-21 11:02:21
ADA/USD,1.528,1.5296,11-06-21 11:02:11
ADA/USD,1.5286,1.5302,11-06-21 11:02:01
ADA/USD,1.5272,1.5287,11-06-21 11:01:51
ADA/USD,1.5275,1.5288,11-06-21 11:01:41
ADA/USD,1.5283,1.5296,11-06-21 11:01:31
ADA/USD,1.5289,1.5304,11-06-21 11:01:21
ADA/USD,1.5298,1.5312,11-06-21 11:01:11
ADA/USD,1.5306,1.532,11-06-21 11:01:01
ADA/USD,1.5314,1.5324,11-06-21 11:00:51
ADA/USD,1.5318,1.533,11-06-21 11:00:41
ADA/USD,1.5318,1.533,11-06-21 11:00:31
ADA/USD,1.5318,1.533,11-06-21 11:00:21
ADA/USD,1.5316,1.5331,11-06-21 11:00:11
ADA/USD,1.5304,1.5317,11-06-21 11:00:01
ADA/USD,1.5303,1.5317,11-06-21 10:59:51
ADA/USD,1.5301,1.5317,11-06-21 10:59:41
ADA/USD,1.5306,1.5321,11-06-21 10:59:31
ADA/USD,1.5303,1.5314,11-06-21 10:59:21
ADA/USD,1.5297,1.531,11-06-21 10:59:11
ADA/USD,1.5297,1.531,11-06-21 10:59:01
ADA/USD,1.5297,1.531,11-06-21 10:58:51
ADA/USD,1.5297,1.531,11-06-21 10:58:41
ADA/USD,1.5293,1.5309,11-06-21 10:58:31
ADA/USD,1.5293,1.5307,11-06-21 10:58:21
ADA/USD,1.5293,1.5309,11-06-21 10:58:11
ADA/USD,1.529,1.5304,11-06-21 10:58:01
ADA/USD,1.5292,1.5304,11-06-21 10:57:51
ADA/USD,1.5283,1.5295,11-06-21 10:57:41
ADA/USD,1.5282,1.5295,11-06-21 10:57:31
ADA/USD,1.5282,1.5295,11-06-21 10:57:21
ADA/USD,1.5275,1.5286,11-06-21 10:57:11
ADA/USD,1.5275,1.5286,11-06-21 10:57:01
ADA/USD,1.5272,1.5286,11-06-21 10:56:51
ADA/USD,1.528,1.5294,11-06-21 10:56:41
ADA/USD,1.5282,1.5298,11-06-21 10:56:31
ADA/USD,1.5286,1.5298,11-06-21 10:56:21
ADA/USD,1.5291,1.5306,11-06-21 10:56:11
ADA/USD,1.5294,1.5308,11-06-21 10:56:01
ADA/USD,1.53,1.5316,11-06-21 10:55:51
ADA/USD,1.5301,1.5317,11-06-21 10:55:41
ADA/USD,1.5302,1.5317,11-06-21 10:55:31
ADA/USD,1.5302,1.5319,11-06-21 10:55:21
ADA/USD,1.5301,1.5316,11-06-21 10:55:11
ADA/USD,1.5292,1.5307,11-06-21 10:55:01
ADA/USD,1.5287,1.53,11-06-21 10:54:51
ADA/USD,1.5286,1.53,11-06-21 10:54:41
ADA/USD,1.5282,1.5293,11-06-21 10:54:31
ADA/USD,1.528,1.5289,11-06-21 10:54:21
ADA/USD,1.5276,1.5287,11-06-21 10:54:11
ADA/USD,1.5271,1.5283,11-06-21 10:54:01
ADA/USD,1.5276,1.5286,11-06-21 10:53:51
ADA/USD,1.5275,1.5286,11-06-21 10:53:41
ADA/USD,1.5274,1.5286,11-06-21 10:53:31
ADA/USD,1.5274,1.5283,11-06-21 10:53:21
ADA/USD,1.5276,1.5278,11-06-21 10:53:11
ADA/USD,1.5275,1.5278,11-06-21 10:53:01
ADA/USD,1.5275,1.5278,11-06-21 10:52:51
ADA/USD,1.5274,1.5278,11-06-21 10:52:41
ADA/USD,1.5273,1.5278,11-06-21 10:52:31
ADA/USD,1.5271,1.5278,11-06-21 10:52:21
ADA/USD,1.5271,1.5278,11-06-21 10:52:11
ADA/USD,1.5277,1.5291,11-06-21 10:52:01
ADA/USD,1.5277,1.5291,11-06-21 10:51:51
ADA/USD,1.5273,1.5288,11-06-21 10:51:41
ADA/USD,1.5273,1.5288,11-06-21 10:51:31
ADA/USD,1.5277,1.5288,11-06-21 10:51:21
ADA/USD,1.5269,1.5282,11-06-21 10:51:11
ADA/USD,1.5266,1.528,11-06-21 10:51:01
ADA/USD,1.5266,1.5281,11-06-21 10:50:51
ADA/USD,1.5261,1.5272,11-06-21 10:50:41
ADA/USD,1.5261,1.5271,11-06-21 10:50:31
ADA/USD,1.5264,1.5278,11-06-21 10:50:21
ADA/USD,1.5272,1.5285,11-06-21 10:50:11
ADA/USD,1.5275,1.5289,11-06-21 10:50:01
ADA/USD,1.5275,1.5286,11-06-21 10:49:51
ADA/USD,1.5274,1.5287,11-06-21 10:49:41
ADA/USD,1.5273,1.5289,11-06-21 10:49:31
ADA/USD,1.5274,1.5289,11-06-21 10:49:21
ADA/USD,1.5279,1.5291,11-06-21 10:49:11
ADA/USD,1.5285,1.5296,11-06-21 10:49:01
ADA/USD,1.5288,1.5299,11-06-21 10:48:51
ADA/USD,1.5287,1.5299,11-06-21 10:48:41
ADA/USD,1.5293,1.5302,11-06-21 10:48:31
ADA/USD,1.5292,1.5303,11-06-21 10:48:21
ADA/USD,1.5292,1.5303,11-06-21 10:48:11
ADA/USD,1.5293,1.5306,11-06-21 10:48:01
ADA/USD,1.5293,1.5306,11-06-21 10:47:51
ADA/USD,1.5294,1.5306,11-06-21 10:47:41
ADA/USD,1.5293,1.5306,11-06-21 10:47:31
ADA/USD,1.5285,1.5296,11-06-21 10:47:21
ADA/USD,1.5289,1.5298,11-06-21 10:47:11
ADA/USD,1.5293,1.53,11-06-21 10:47:01
ADA/USD,1.5287,1.53,11-06-21 10:46:51
ADA/USD,1.5283,1.5297,11-06-21 10:46:41
ADA/USD,1.5285,1.5297,11-06-21 10:46:31
ADA/USD,1.528,1.5296,11-06-21 10:46:21
ADA/USD,1.5286,1.5299,11-06-21 10:46:11
ADA/USD,1.5319,1.532,11-06-21 10:46:01
ADA/USD,1.5319,1.5324,11-06-21 10:45:51
ADA/USD,1.5319,1.5325,11-06-21 10:45:41
ADA/USD,1.5319,1.5329,11-06-21 10:45:31
ADA/USD,1.5319,1.5331,11-06-21 10:45:21
ADA/USD,1.5333,1.5341,11-06-21 10:45:11
ADA/USD,1.5334,1.5341,11-06-21 10:45:01
ADA/USD,1.5319,1.533,11-06-21 10:44:51
ADA/USD,1.5319,1.5333,11-06-21 10:44:41
ADA/USD,1.5319,1.5327,11-06-21 10:44:31
ADA/USD,1.5319,1.5328,11-06-21 10:44:21
ADA/USD,1.5319,1.5331,11-06-21 10:44:11
ADA/USD,1.5319,1.5332,11-06-21 10:44:01
ADA/USD,1.532,1.5331,11-06-21 10:43:51
ADA/USD,1.5319,1.5334,11-06-21 10:43:41
ADA/USD,1.5319,1.5325,11-06-21 10:43:31
ADA/USD,1.5319,1.5328,11-06-21 10:43:21
ADA/USD,1.5323,1.5331,11-06-21 10:43:11
ADA/USD,1.5323,1.5331,11-06-21 10:43:01
ADA/USD,1.5323,1.5334,11-06-21 10:42:51
ADA/USD,1.5322,1.5328,11-06-21 10:42:41
ADA/USD,1.5315,1.5319,11-06-21 10:42:31
ADA/USD,1.5315,1.5319,11-06-21 10:42:21
ADA/USD,1.5311,1.5319,11-06-21 10:42:11
ADA/USD,1.5308,1.5318,11-06-21 10:42:01
ADA/USD,1.5308,1.5318,11-06-21 10:41:51
ADA/USD,1.5309,1.5317,11-06-21 10:41:41
ADA/USD,1.5302,1.5314,11-06-21 10:41:31
ADA/USD,1.53,1.5302,11-06-21 10:41:21
ADA/USD,1.5296,1.5297,11-06-21 10:41:11
ADA/USD,1.5296,1.5297,11-06-21 10:41:01
ADA/USD,1.5294,1.5297,11-06-21 10:40:51
ADA/USD,1.5294,1.5297,11-06-21 10:40:41
ADA/USD,1.5289,1.5297,11-06-21 10:40:31
ADA/USD,1.5293,1.5297,11-06-21 10:40:21
ADA/USD,1.5295,1.5297,11-06-21 10:40:11
ADA/USD,1.53,1.5302,11-06-21 10:40:01
ADA/USD,1.5296,1.5302,11-06-21 10:39:51
ADA/USD,1.5301,1.5302,11-06-21 10:39:41
ADA/USD,1.5301,1.5302,11-06-21 10:39:31
ADA/USD,1.5293,1.5302,11-06-21 10:39:21
ADA/USD,1.5292,1.5301,11-06-21 10:39:11
ADA/USD,1.5291,1.5301,11-06-21 10:39:01
ADA/USD,1.5291,1.5301,11-06-21 10:38:51
ADA/USD,1.5288,1.5298,11-06-21 10:38:41
ADA/USD,1.5287,1.5297,11-06-21 10:38:31
ADA/USD,1.5289,1.5299,11-06-21 10:38:21
ADA/USD,1.5289,1.5301,11-06-21 10:38:11
ADA/USD,1.5292,1.5301,11-06-21 10:38:01
ADA/USD,1.5286,1.5296,11-06-21 10:37:51
ADA/USD,1.5284,1.5292,11-06-21 10:37:41
ADA/USD,1.5281,1.5292,11-06-21 10:37:31
ADA/USD,1.5282,1.5294,11-06-21 10:37:21
ADA/USD,1.5277,1.5288,11-06-21 10:37:11
ADA/USD,1.5276,1.5279,11-06-21 10:37:01
ADA/USD,1.5278,1.5279,11-06-21 10:36:51
ADA/USD,1.5278,1.5279,11-06-21 10:36:41
ADA/USD,1.5278,1.5279,11-06-21 10:36:31
ADA/USD,1.5278,1.5279,11-06-21 10:36:21
ADA/USD,1.5275,1.5279,11-06-21 10:36:11
ADA/USD,1.5278,1.5288,11-06-21 10:36:01
ADA/USD,1.5278,1.5288,11-06-21 10:35:51
ADA/USD,1.5279,1.5288,11-06-21 10:35:41
ADA/USD,1.5275,1.5281,11-06-21 10:35:31
ADA/USD,1.5274,1.5279,11-06-21 10:35:21
ADA/USD,1.5268,1.5271,11-06-21 10:35:11
ADA/USD,1.5269,1.5271,11-06-21 10:35:01
ADA/USD,1.5268,1.5271,11-06-21 10:34:51
ADA/USD,1.527,1.5271,11-06-21 10:34:41
ADA/USD,1.5269,1.5271,11-06-21 10:34:31
ADA/USD,1.5268,1.5271,11-06-21 10:34:21
ADA/USD,1.527,1.5271,11-06-21 10:34:11
ADA/USD,1.5273,1.5284,11-06-21 10:34:01
ADA/USD,1.527,1.5284,11-06-21 10:33:51
ADA/USD,1.5273,1.5286,11-06-21 10:33:41
ADA/USD,1.5275,1.5287,11-06-21 10:33:31
ADA/USD,1.5274,1.5285,11-06-21 10:33:21
ADA/USD,1.5279,1.5294,11-06-21 10:33:11
ADA/USD,1.5284,1.5296,11-06-21 10:33:01
ADA/USD,1.5275,1.5291,11-06-21 10:32:51
ADA/USD,1.5281,1.5295,11-06-21 10:32:41
ADA/USD,1.5288,1.5299,11-06-21 10:32:31
ADA/USD,1.5267,1.5275,11-06-21 10:32:21
ADA/USD,1.5256,1.5268,11-06-21 10:32:11
ADA/USD,1.5257,1.5268,11-06-21 10:32:01
ADA/USD,1.5263,1.527,11-06-21 10:31:51
ADA/USD,1.526,1.527,11-06-21 10:31:41
ADA/USD,1.5263,1.5271,11-06-21 10:31:31
ADA/USD,1.5263,1.5272,11-06-21 10:31:21
ADA/USD,1.5263,1.5272,11-06-21 10:31:11
ADA/USD,1.5261,1.5272,11-06-21 10:31:01
ADA/USD,1.5263,1.5274,11-06-21 10:30:51
ADA/USD,1.5263,1.5273,11-06-21 10:30:41
ADA/USD,1.5269,1.5276,11-06-21 10:30:31
ADA/USD,1.5271,1.5276,11-06-21 10:30:21
ADA/USD,1.5272,1.5276,11-06-21 10:30:11
ADA/USD,1.527,1.5276,11-06-21 10:30:01
ADA/USD,1.5269,1.5276,11-06-21 10:29:51
ADA/USD,1.5274,1.5276,11-06-21 10:29:41
ADA/USD,1.5274,1.5276,11-06-21 10:29:31
ADA/USD,1.5274,1.5276,11-06-21 10:29:21
ADA/USD,1.5272,1.5276,11-06-21 10:29:11
ADA/USD,1.5275,1.5276,11-06-21 10:29:01
ADA/USD,1.5274,1.5276,11-06-21 10:28:51
ADA/USD,1.5273,1.5276,11-06-21 10:28:41
ADA/USD,1.5274,1.5276,11-06-21 10:28:31
ADA/USD,1.5276,1.5284,11-06-21 10:28:21
ADA/USD,1.5277,1.5287,11-06-21 10:28:11
ADA/USD,1.5279,1.5286,11-06-21 10:28:01
ADA/USD,1.5279,1.5286,11-06-21 10:27:51
ADA/USD,1.5278,1.5284,11-06-21 10:27:41
ADA/USD,1.5274,1.5282,11-06-21 10:27:31
ADA/USD,1.5275,1.5285,11-06-21 10:27:21
ADA/USD,1.5272,1.5285,11-06-21 10:27:11
ADA/USD,1.5278,1.5285,11-06-21 10:27:01
ADA/USD,1.5276,1.5285,11-06-21 10:26:51
ADA/USD,1.5273,1.5274,11-06-21 10:26:41
ADA/USD,1.5268,1.5274,11-06-21 10:26:31
ADA/USD,1.527,1.5274,11-06-21 10:26:21
ADA/USD,1.5271,1.5274,11-06-21 10:26:11
ADA/USD,1.5273,1.5287,11-06-21 10:26:01
ADA/USD,1.5273,1.5287,11-06-21 10:25:51
ADA/USD,1.5283,1.5299,11-06-21 10:25:41
ADA/USD,1.5277,1.529,11-06-21 10:25:31
ADA/USD,1.5279,1.5292,11-06-21 10:25:21
ADA/USD,1.5281,1.5296,11-06-21 10:25:11
ADA/USD,1.5281,1.5295,11-06-21 10:25:01
ADA/USD,1.5272,1.5286,11-06-21 10:24:51
ADA/USD,1.5272,1.5286,11-06-21 10:24:41
ADA/USD,1.5256,1.5267,11-06-21 10:24:31
ADA/USD,1.5253,1.5267,11-06-21 10:24:21
ADA/USD,1.5254,1.5267,11-06-21 10:24:11
ADA/USD,1.5253,1.5267,11-06-21 10:24:01
ADA/USD,1.5248,1.5261,11-06-21 10:23:51
ADA/USD,1.5242,1.5254,11-06-21 10:23:41
ADA/USD,1.5247,1.5257,11-06-21 10:23:31
ADA/USD,1.5245,1.5256,11-06-21 10:23:21
ADA/USD,1.5251,1.5262,11-06-21 10:23:11
ADA/USD,1.5249,1.5254,11-06-21 10:23:01
ADA/USD,1.5249,1.5254,11-06-21 10:22:51
ADA/USD,1.5249,1.5254,11-06-21 10:22:41
ADA/USD,1.5248,1.5254,11-06-21 10:22:31
ADA/USD,1.5245,1.5254,11-06-21 10:22:21
ADA/USD,1.5248,1.5254,11-06-21 10:22:11
ADA/USD,1.5249,1.526,11-06-21 10:22:01
ADA/USD,1.5253,1.5262,11-06-21 10:21:51
ADA/USD,1.5252,1.526,11-06-21 10:21:41
ADA/USD,1.5249,1.5258,11-06-21 10:21:31
ADA/USD,1.5246,1.5256,11-06-21 10:21:21
ADA/USD,1.5246,1.5256,11-06-21 10:21:11
ADA/USD,1.5242,1.5253,11-06-21 10:21:01
ADA/USD,1.5242,1.5255,11-06-21 10:20:51
ADA/USD,1.524,1.5253,11-06-21 10:20:41
ADA/USD,1.5233,1.5251,11-06-21 10:20:31
ADA/USD,1.5234,1.5248,11-06-21 10:20:21
ADA/USD,1.524,1.5256,11-06-21 10:20:11
ADA/USD,1.5252,1.5263,11-06-21 10:20:01
ADA/USD,1.5255,1.5267,11-06-21 10:19:51
ADA/USD,1.5251,1.5264,11-06-21 10:19:41
ADA/USD,1.5243,1.5256,11-06-21 10:19:31
ADA/USD,1.5235,1.5248,11-06-21 10:19:21
ADA/USD,1.5232,1.5248,11-06-21 10:19:11
ADA/USD,1.524,1.5252,11-06-21 10:19:01
ADA/USD,1.524,1.5252,11-06-21 10:18:51
ADA/USD,1.524,1.5252,11-06-21 10:18:41
ADA/USD,1.5232,1.5246,11-06-21 10:18:31
ADA/USD,1.5226,1.5239,11-06-21 10:18:21
ADA/USD,1.522,1.5235,11-06-21 10:18:11
ADA/USD,1.5216,1.5231,11-06-21 10:18:01
ADA/USD,1.5217,1.5231,11-06-21 10:17:51
ADA/USD,1.5208,1.5219,11-06-21 10:17:41
ADA/USD,1.5203,1.5216,11-06-21 10:17:31
ADA/USD,1.5205,1.5216,11-06-21 10:17:20
ADA/USD,1.521,1.522,11-06-21 10:17:11
ADA/USD,1.5204,1.5214,11-06-21 10:17:01
ADA/USD,1.5204,1.5214,11-06-21 10:16:51
ADA/USD,1.5197,1.5207,11-06-21 10:16:41
ADA/USD,1.5203,1.5215,11-06-21 10:16:31
ADA/USD,1.5187,1.5203,11-06-21 10:16:21
ADA/USD,1.5198,1.5211,11-06-21 10:16:11
ADA/USD,1.52,1.5212,11-06-21 10:16:01
ADA/USD,1.5219,1.5231,11-06-21 10:15:51
ADA/USD,1.5223,1.5235,11-06-21 10:15:41
ADA/USD,1.5227,1.5238,11-06-21 10:15:31
ADA/USD,1.5235,1.5248,11-06-21 10:15:21
ADA/USD,1.5235,1.5246,11-06-21 10:15:11
ADA/USD,1.5225,1.5238,11-06-21 10:15:01
ADA/USD,1.5226,1.5238,11-06-21 10:14:51
ADA/USD,1.5232,1.5244,11-06-21 10:14:41
ADA/USD,1.5235,1.5247,11-06-21 10:14:31
ADA/USD,1.5237,1.5247,11-06-21 10:14:21
ADA/USD,1.5239,1.5248,11-06-21 10:14:11
ADA/USD,1.5235,1.5248,11-06-21 10:14:01
ADA/USD,1.5234,1.5245,11-06-21 10:13:51
ADA/USD,1.5237,1.5248,11-06-21 10:13:41
ADA/USD,1.5237,1.5249,11-06-21 10:13:31
ADA/USD,1.523,1.5235,11-06-21 10:13:21
ADA/USD,1.5228,1.5235,11-06-21 10:13:11
ADA/USD,1.5226,1.5236,11-06-21 10:13:01
ADA/USD,1.5218,1.5232,11-06-21 10:12:51
ADA/USD,1.5221,1.5232,11-06-21 10:12:41
ADA/USD,1.5222,1.5234,11-06-21 10:12:31
ADA/USD,1.5233,1.5242,11-06-21 10:12:21
ADA/USD,1.5233,1.5237,11-06-21 10:12:11
ADA/USD,1.5244,1.5256,11-06-21 10:12:01
ADA/USD,1.5239,1.525,11-06-21 10:11:51
ADA/USD,1.5236,1.5249,11-06-21 10:11:41
ADA/USD,1.5229,1.5242,11-06-21 10:11:31
ADA/USD,1.5233,1.5246,11-06-21 10:11:21
ADA/USD,1.5233,1.5246,11-06-21 10:11:11
ADA/USD,1.5248,1.5261,11-06-21 10:11:01
ADA/USD,1.5254,1.5267,11-06-21 10:10:51
ADA/USD,1.5234,1.5244,11-06-21 10:10:41
ADA/USD,1.5234,1.5244,11-06-21 10:10:31
ADA/USD,1.5232,1.5242,11-06-21 10:10:21
ADA/USD,1.5235,1.5247,11-06-21 10:10:11
ADA/USD,1.5234,1.5245,11-06-21 10:10:01
ADA/USD,1.5229,1.524,11-06-21 10:09:51
ADA/USD,1.5229,1.524,11-06-21 10:09:41
ADA/USD,1.5232,1.5244,11-06-21 10:09:31
ADA/USD,1.5243,1.5252,11-06-21 10:09:21
ADA/USD,1.5244,1.5255,11-06-21 10:09:11
ADA/USD,1.5249,1.5257,11-06-21 10:09:01
ADA/USD,1.5249,1.5257,11-06-21 10:08:51
ADA/USD,1.525,1.5261,11-06-21 10:08:41
ADA/USD,1.5248,1.5262,11-06-21 10:08:31
ADA/USD,1.5252,1.5266,11-06-21 10:08:21
ADA/USD,1.5256,1.5268,11-06-21 10:08:11
ADA/USD,1.5245,1.5253,11-06-21 10:08:01
ADA/USD,1.5238,1.5251,11-06-21 10:07:51
ADA/USD,1.5231,1.5245,11-06-21 10:07:41
ADA/USD,1.5232,1.5245,11-06-21 10:07:31
ADA/USD,1.5242,1.5255,11-06-21 10:07:21
ADA/USD,1.525,1.5259,11-06-21 10:07:11
ADA/USD,1.5262,1.5274,11-06-21 10:07:01
ADA/USD,1.5263,1.5278,11-06-21 10:06:51
ADA/USD,1.5263,1.5278,11-06-21 10:06:41
ADA/USD,1.5265,1.528,11-06-21 10:06:31
ADA/USD,1.527,1.529,11-06-21 10:06:21
ADA/USD,1.5273,1.5286,11-06-21 10:06:11
ADA/USD,1.5273,1.5291,11-06-21 10:06:01
ADA/USD,1.526,1.5282,11-06-21 10:05:51
ADA/USD,1.5271,1.528,11-06-21 10:05:41
ADA/USD,1.5277,1.5289,11-06-21 10:05:31
ADA/USD,1.5258,1.527,11-06-21 10:05:21
ADA/USD,1.5274,1.5282,11-06-21 10:05:11
ADA/USD,1.5253,1.5263,11-06-21 10:05:01
ADA/USD,1.5257,1.5263,11-06-21 10:04:51
ADA/USD,1.5251,1.5263,11-06-21 10:04:41
ADA/USD,1.5241,1.5252,11-06-21 10:04:31
ADA/USD,1.5183,1.5189,11-06-21 10:04:21
ADA/USD,1.518,1.519,11-06-21 10:04:11
ADA/USD,1.5162,1.5174,11-06-21 10:04:01
ADA/USD,1.5166,1.5177,11-06-21 10:03:51
ADA/USD,1.5162,1.5175,11-06-21 10:03:40
ADA/USD,1.517,1.5184,11-06-21 10:03:31
ADA/USD,1.5177,1.5188,11-06-21 10:03:21
ADA/USD,1.5182,1.519,11-06-21 10:03:11
ADA/USD,1.5189,1.519,11-06-21 10:03:01
ADA/USD,1.5181,1.5192,11-06-21 10:02:51
ADA/USD,1.5176,1.5188,11-06-21 10:02:41
ADA/USD,1.5171,1.518,11-06-21 10:02:31
ADA/USD,1.5179,1.5191,11-06-21 10:02:21
ADA/USD,1.5192,1.5193,11-06-21 10:02:11
ADA/USD,1.5192,1.5193,11-06-21 10:02:01
ADA/USD,1.518,1.519,11-06-21 10:01:51
ADA/USD,1.5179,1.519,11-06-21 10:01:41
ADA/USD,1.5169,1.518,11-06-21 10:01:31
ADA/USD,1.5163,1.5175,11-06-21 10:01:21
ADA/USD,1.5148,1.5159,11-06-21 10:01:11
ADA/USD,1.5148,1.516,11-06-21 10:01:01
ADA/USD,1.5148,1.516,11-06-21 10:00:51
ADA/USD,1.5148,1.5159,11-06-21 10:00:41
ADA/USD,1.5144,1.5158,11-06-21 10:00:31
ADA/USD,1.5135,1.5149,11-06-21 10:00:21
ADA/USD,1.5134,1.5145,11-06-21 10:00:11
ADA/USD,1.5121,1.513,11-06-21 10:00:01
ADA/USD,1.5114,1.5127,11-06-21 9:59:51
ADA/USD,1.5115,1.5127,11-06-21 9:59:41
ADA/USD,1.5115,1.5127,11-06-21 9:59:31
ADA/USD,1.5118,1.513,11-06-21 9:59:21
ADA/USD,1.5126,1.5139,11-06-21 9:59:11
ADA/USD,1.5121,1.5133,11-06-21 9:59:01
ADA/USD,1.5116,1.5125,11-06-21 9:58:51
ADA/USD,1.5118,1.5129,11-06-21 9:58:41
ADA/USD,1.5118,1.513,11-06-21 9:58:31
ADA/USD,1.5123,1.5134,11-06-21 9:58:21
ADA/USD,1.5123,1.5138,11-06-21 9:58:11
ADA/USD,1.5118,1.5135,11-06-21 9:58:01
ADA/USD,1.5118,1.5132,11-06-21 9:57:51
ADA/USD,1.5133,1.5142,11-06-21 9:57:41
ADA/USD,1.513,1.5145,11-06-21 9:57:31
ADA/USD,1.5114,1.5128,11-06-21 9:57:21
ADA/USD,1.511,1.5124,11-06-21 9:57:11
ADA/USD,1.5098,1.5111,11-06-21 9:57:01
ADA/USD,1.5106,1.512,11-06-21 9:56:51
ADA/USD,1.5105,1.5119,11-06-21 9:56:41
ADA/USD,1.5105,1.5119,11-06-21 9:56:31
ADA/USD,1.5102,1.5118,11-06-21 9:56:21
ADA/USD,1.511,1.5126,11-06-21 9:56:11
ADA/USD,1.5121,1.5134,11-06-21 9:56:01
ADA/USD,1.5121,1.5138,11-06-21 9:55:51
ADA/USD,1.5125,1.5141,11-06-21 9:55:41
ADA/USD,1.5125,1.5139,11-06-21 9:55:31
ADA/USD,1.5129,1.5141,11-06-21 9:55:21
ADA/USD,1.5135,1.5149,11-06-21 9:55:11
ADA/USD,1.5132,1.5147,11-06-21 9:55:01
ADA/USD,1.5116,1.5126,11-06-21 9:54:51
ADA/USD,1.5102,1.5114,11-06-21 9:54:41
ADA/USD,1.5107,1.5119,11-06-21 9:54:31
ADA/USD,1.5109,1.5123,11-06-21 9:54:21
ADA/USD,1.5109,1.5121,11-06-21 9:54:11
ADA/USD,1.5096,1.5108,11-06-21 9:54:01
ADA/USD,1.5103,1.5117,11-06-21 9:53:51
ADA/USD,1.5099,1.5114,11-06-21 9:53:41
ADA/USD,1.5095,1.5112,11-06-21 9:53:31
ADA/USD,1.5095,1.511,11-06-21 9:53:21
ADA/USD,1.5126,1.5138,11-06-21 9:53:11
ADA/USD,1.5133,1.5144,11-06-21 9:53:01
ADA/USD,1.5136,1.5149,11-06-21 9:52:51
ADA/USD,1.5141,1.5154,11-06-21 9:52:41
ADA/USD,1.5141,1.5152,11-06-21 9:52:31
ADA/USD,1.5138,1.5149,11-06-21 9:52:21
ADA/USD,1.5138,1.5149,11-06-21 9:52:11
ADA/USD,1.5139,1.5149,11-06-21 9:52:01
ADA/USD,1.5134,1.5145,11-06-21 9:51:51
ADA/USD,1.5131,1.5149,11-06-21 9:51:41
ADA/USD,1.5131,1.5142,11-06-21 9:51:31
ADA/USD,1.5127,1.5143,11-06-21 9:51:21
ADA/USD,1.5134,1.5146,11-06-21 9:51:11
ADA/USD,1.5141,1.5153,11-06-21 9:51:01
ADA/USD,1.5152,1.5162,11-06-21 9:50:51
ADA/USD,1.5156,1.5167,11-06-21 9:50:41
ADA/USD,1.5155,1.5168,11-06-21 9:50:31
ADA/USD,1.5154,1.5165,11-06-21 9:50:21
ADA/USD,1.5153,1.5167,11-06-21 9:50:11
ADA/USD,1.5151,1.5164,11-06-21 9:50:01
ADA/USD,1.5156,1.5168,11-06-21 9:49:51
ADA/USD,1.5156,1.5168,11-06-21 9:49:41
ADA/USD,1.5152,1.5165,11-06-21 9:49:31
ADA/USD,1.5143,1.5155,11-06-21 9:49:21
ADA/USD,1.5142,1.5155,11-06-21 9:49:11
ADA/USD,1.5138,1.515,11-06-21 9:49:01
ADA/USD,1.5134,1.515,11-06-21 9:48:51
ADA/USD,1.5134,1.5147,11-06-21 9:48:41
ADA/USD,1.5142,1.5156,11-06-21 9:48:31
ADA/USD,1.5152,1.5164,11-06-21 9:48:21
ADA/USD,1.5159,1.5164,11-06-21 9:48:11
ADA/USD,1.5165,1.5177,11-06-21 9:48:01
ADA/USD,1.5163,1.5177,11-06-21 9:47:51
ADA/USD,1.5161,1.5172,11-06-21 9:47:41
ADA/USD,1.5158,1.5172,11-06-21 9:47:31
ADA/USD,1.5158,1.5172,11-06-21 9:47:21
ADA/USD,1.5158,1.5173,11-06-21 9:47:11
ADA/USD,1.5162,1.5177,11-06-21 9:47:01
ADA/USD,1.5166,1.5181,11-06-21 9:46:51
ADA/USD,1.5171,1.5185,11-06-21 9:46:41
ADA/USD,1.5186,1.5199,11-06-21 9:46:31
ADA/USD,1.5189,1.5204,11-06-21 9:46:21
ADA/USD,1.5189,1.5204,11-06-21 9:46:11
ADA/USD,1.5189,1.5206,11-06-21 9:46:01
ADA/USD,1.5185,1.5201,11-06-21 9:45:51
ADA/USD,1.5189,1.5198,11-06-21 9:45:41
ADA/USD,1.5189,1.5201,11-06-21 9:45:31
ADA/USD,1.5198,1.5208,11-06-21 9:45:21
ADA/USD,1.5198,1.521,11-06-21 9:45:11
ADA/USD,1.5202,1.5218,11-06-21 9:45:01
ADA/USD,1.5198,1.5213,11-06-21 9:44:51
ADA/USD,1.5203,1.5216,11-06-21 9:44:41
ADA/USD,1.5216,1.5223,11-06-21 9:44:31
ADA/USD,1.5219,1.5236,11-06-21 9:44:21
ADA/USD,1.5227,1.5242,11-06-21 9:44:11
ADA/USD,1.5231,1.5246,11-06-21 9:44:01
ADA/USD,1.5231,1.5248,11-06-21 9:43:51
ADA/USD,1.5234,1.5248,11-06-21 9:43:41
ADA/USD,1.5237,1.5248,11-06-21 9:43:31
ADA/USD,1.5236,1.524,11-06-21 9:43:21
ADA/USD,1.5224,1.524,11-06-21 9:43:11
ADA/USD,1.5223,1.5236,11-06-21 9:43:01
ADA/USD,1.522,1.5236,11-06-21 9:42:51
ADA/USD,1.522,1.5234,11-06-21 9:42:41
ADA/USD,1.5208,1.5222,11-06-21 9:42:31
ADA/USD,1.5199,1.5216,11-06-21 9:42:21
ADA/USD,1.5207,1.5219,11-06-21 9:42:11
ADA/USD,1.5224,1.5236,11-06-21 9:42:01
ADA/USD,1.5222,1.5236,11-06-21 9:41:51
ADA/USD,1.5223,1.5236,11-06-21 9:41:41
ADA/USD,1.5232,1.5243,11-06-21 9:41:31
ADA/USD,1.5231,1.5243,11-06-21 9:41:21
ADA/USD,1.5231,1.5243,11-06-21 9:41:11
ADA/USD,1.5231,1.5247,11-06-21 9:41:01
ADA/USD,1.5231,1.5247,11-06-21 9:40:51
ADA/USD,1.5235,1.5247,11-06-21 9:40:41
ADA/USD,1.5231,1.5247,11-06-21 9:40:31
ADA/USD,1.5231,1.5245,11-06-21 9:40:21
ADA/USD,1.522,1.5237,11-06-21 9:40:11
ADA/USD,1.5226,1.5238,11-06-21 9:40:01
ADA/USD,1.5226,1.5236,11-06-21 9:39:51
ADA/USD,1.523,1.5241,11-06-21 9:39:41
ADA/USD,1.5232,1.5243,11-06-21 9:39:31
ADA/USD,1.5236,1.5246,11-06-21 9:39:21
ADA/USD,1.5232,1.5242,11-06-21 9:39:11
ADA/USD,1.5233,1.5245,11-06-21 9:39:01
ADA/USD,1.5233,1.5245,11-06-21 9:38:51
ADA/USD,1.5234,1.5246,11-06-21 9:38:41
ADA/USD,1.5233,1.5246,11-06-21 9:38:31
ADA/USD,1.5234,1.5248,11-06-21 9:38:21
ADA/USD,1.5235,1.5248,11-06-21 9:38:11
ADA/USD,1.5225,1.524,11-06-21 9:38:01
ADA/USD,1.5225,1.524,11-06-21 9:37:51
ADA/USD,1.5225,1.524,11-06-21 9:37:41
ADA/USD,1.5225,1.524,11-06-21 9:37:31
ADA/USD,1.5232,1.5248,11-06-21 9:37:21
ADA/USD,1.5229,1.5242,11-06-21 9:37:11
ADA/USD,1.5243,1.5256,11-06-21 9:37:01
ADA/USD,1.5247,1.5262,11-06-21 9:36:51
ADA/USD,1.5246,1.5257,11-06-21 9:36:41
ADA/USD,1.5244,1.5256,11-06-21 9:36:31
ADA/USD,1.5244,1.5255,11-06-21 9:36:21
ADA/USD,1.5239,1.5247,11-06-21 9:36:11
ADA/USD,1.5227,1.5239,11-06-21 9:36:01
ADA/USD,1.5225,1.5239,11-06-21 9:35:51
ADA/USD,1.5227,1.5241,11-06-21 9:35:41
ADA/USD,1.5231,1.5243,11-06-21 9:35:31
ADA/USD,1.5229,1.5243,11-06-21 9:35:21
ADA/USD,1.5231,1.5245,11-06-21 9:35:11
ADA/USD,1.5242,1.5252,11-06-21 9:35:01
ADA/USD,1.5242,1.5254,11-06-21 9:34:51
ADA/USD,1.5242,1.5254,11-06-21 9:34:41
ADA/USD,1.5242,1.5255,11-06-21 9:34:31
ADA/USD,1.5242,1.5258,11-06-21 9:34:21
ADA/USD,1.5235,1.5251,11-06-21 9:34:11
ADA/USD,1.5231,1.5247,11-06-21 9:34:01
ADA/USD,1.5234,1.5249,11-06-21 9:33:51
ADA/USD,1.5235,1.5251,11-06-21 9:33:41
ADA/USD,1.5238,1.5255,11-06-21 9:33:31
ADA/USD,1.5244,1.5256,11-06-21 9:33:21
ADA/USD,1.5247,1.5262,11-06-21 9:33:11
ADA/USD,1.5244,1.5255,11-06-21 9:33:01
ADA/USD,1.5242,1.5262,11-06-21 9:32:51
ADA/USD,1.5244,1.5262,11-06-21 9:32:41
ADA/USD,1.524,1.5257,11-06-21 9:32:31
ADA/USD,1.5255,1.527,11-06-21 9:32:21
ADA/USD,1.5255,1.527,11-06-21 9:32:11
ADA/USD,1.5253,1.527,11-06-21 9:32:01
ADA/USD,1.5271,1.5288,11-06-21 9:31:51
ADA/USD,1.5262,1.5279,11-06-21 9:31:41
ADA/USD,1.5269,1.5288,11-06-21 9:31:31
ADA/USD,1.5277,1.5293,11-06-21 9:31:21
ADA/USD,1.5295,1.531,11-06-21 9:31:11
ADA/USD,1.5295,1.531,11-06-21 9:31:01
ADA/USD,1.5299,1.5314,11-06-21 9:30:51
ADA/USD,1.5311,1.5319,11-06-21 9:30:41
ADA/USD,1.5312,1.5319,11-06-21 9:30:31
ADA/USD,1.5287,1.5302,11-06-21 9:30:21
ADA/USD,1.5288,1.5302,11-06-21 9:30:11
ADA/USD,1.5282,1.5299,11-06-21 9:30:01
ADA/USD,1.5279,1.5295,11-06-21 9:29:51
ADA/USD,1.5285,1.5299,11-06-21 9:29:41
ADA/USD,1.5284,1.5294,11-06-21 9:29:31
ADA/USD,1.5281,1.5294,11-06-21 9:29:21
ADA/USD,1.528,1.5292,11-06-21 9:29:11
ADA/USD,1.5288,1.5299,11-06-21 9:29:01
ADA/USD,1.5288,1.5296,11-06-21 9:28:51
ADA/USD,1.5274,1.5278,11-06-21 9:28:41
ADA/USD,1.5271,1.5278,11-06-21 9:28:31
ADA/USD,1.5278,1.529,11-06-21 9:28:21
ADA/USD,1.5278,1.529,11-06-21 9:28:11
ADA/USD,1.5278,1.529,11-06-21 9:28:01
ADA/USD,1.5278,1.529,11-06-21 9:27:51
ADA/USD,1.5272,1.5288,11-06-21 9:27:41
ADA/USD,1.5263,1.528,11-06-21 9:27:31
ADA/USD,1.5257,1.5263,11-06-21 9:27:21
ADA/USD,1.5254,1.5255,11-06-21 9:27:11
ADA/USD,1.5249,1.5255,11-06-21 9:27:01
ADA/USD,1.5246,1.5255,11-06-21 9:26:51
ADA/USD,1.5246,1.5255,11-06-21 9:26:41
ADA/USD,1.5246,1.5255,11-06-21 9:26:31
ADA/USD,1.5246,1.5255,11-06-21 9:26:21
ADA/USD,1.525,1.5255,11-06-21 9:26:11
ADA/USD,1.5254,1.5263,11-06-21 9:26:01
ADA/USD,1.5254,1.5263,11-06-21 9:25:51
ADA/USD,1.5254,1.5263,11-06-21 9:25:41
ADA/USD,1.5237,1.5254,11-06-21 9:25:31
ADA/USD,1.5225,1.524,11-06-21 9:25:21
ADA/USD,1.5223,1.524,11-06-21 9:25:11
ADA/USD,1.5222,1.524,11-06-21 9:25:01
ADA/USD,1.5212,1.5226,11-06-21 9:24:51
ADA/USD,1.5212,1.5226,11-06-21 9:24:41
ADA/USD,1.5212,1.5226,11-06-21 9:24:31
ADA/USD,1.5214,1.523,11-06-21 9:24:21
ADA/USD,1.5231,1.5246,11-06-21 9:24:11
ADA/USD,1.5231,1.5244,11-06-21 9:24:01
ADA/USD,1.524,1.5256,11-06-21 9:23:51
ADA/USD,1.5244,1.526,11-06-21 9:23:41
ADA/USD,1.5246,1.5263,11-06-21 9:23:31
ADA/USD,1.5242,1.526,11-06-21 9:23:21
ADA/USD,1.5232,1.5248,11-06-21 9:23:11
ADA/USD,1.5214,1.523,11-06-21 9:23:01
ADA/USD,1.5196,1.5211,11-06-21 9:22:51
ADA/USD,1.5197,1.5211,11-06-21 9:22:41
ADA/USD,1.5197,1.5213,11-06-21 9:22:31
ADA/USD,1.5202,1.5219,11-06-21 9:22:21
ADA/USD,1.5202,1.5219,11-06-21 9:22:11
ADA/USD,1.5205,1.522,11-06-21 9:22:01
ADA/USD,1.5197,1.5209,11-06-21 9:21:51
ADA/USD,1.5194,1.5205,11-06-21 9:21:41
ADA/USD,1.5194,1.5204,11-06-21 9:21:31
ADA/USD,1.5193,1.5207,11-06-21 9:21:21
ADA/USD,1.5195,1.5205,11-06-21 9:21:11
ADA/USD,1.5192,1.5203,11-06-21 9:21:01
ADA/USD,1.5194,1.5211,11-06-21 9:20:51
ADA/USD,1.5196,1.5211,11-06-21 9:20:41
ADA/USD,1.5196,1.5211,11-06-21 9:20:31
ADA/USD,1.5203,1.5217,11-06-21 9:20:21
ADA/USD,1.5214,1.522,11-06-21 9:20:11
ADA/USD,1.5229,1.524,11-06-21 9:20:01
ADA/USD,1.525,1.5251,11-06-21 9:19:51
ADA/USD,1.525,1.5257,11-06-21 9:19:41
ADA/USD,1.525,1.5257,11-06-21 9:19:31
ADA/USD,1.525,1.5256,11-06-21 9:19:21
ADA/USD,1.525,1.5263,11-06-21 9:19:11
ADA/USD,1.525,1.526,11-06-21 9:19:01
ADA/USD,1.5251,1.5263,11-06-21 9:18:51
ADA/USD,1.5241,1.5258,11-06-21 9:18:41
ADA/USD,1.5229,1.5246,11-06-21 9:18:31
ADA/USD,1.5226,1.5242,11-06-21 9:18:21
ADA/USD,1.5224,1.5238,11-06-21 9:18:11
ADA/USD,1.5217,1.5227,11-06-21 9:18:01
ADA/USD,1.5215,1.5227,11-06-21 9:17:51
ADA/USD,1.5203,1.5217,11-06-21 9:17:41
ADA/USD,1.5202,1.5213,11-06-21 9:17:31
ADA/USD,1.5201,1.5213,11-06-21 9:17:21
ADA/USD,1.52,1.5212,11-06-21 9:17:11
ADA/USD,1.5201,1.5213,11-06-21 9:17:01
ADA/USD,1.5201,1.5216,11-06-21 9:16:51
ADA/USD,1.52,1.5213,11-06-21 9:16:41
ADA/USD,1.5199,1.5213,11-06-21 9:16:31
ADA/USD,1.5201,1.5213,11-06-21 9:16:21
ADA/USD,1.5202,1.5217,11-06-21 9:16:11
ADA/USD,1.5198,1.5213,11-06-21 9:16:01
ADA/USD,1.52,1.5213,11-06-21 9:15:51
ADA/USD,1.52,1.5213,11-06-21 9:15:41
ADA/USD,1.5213,1.5221,11-06-21 9:15:31
ADA/USD,1.5213,1.5225,11-06-21 9:15:21
ADA/USD,1.5214,1.5227,11-06-21 9:15:11
ADA/USD,1.5207,1.521,11-06-21 9:15:01
ADA/USD,1.5193,1.521,11-06-21 9:14:51
ADA/USD,1.5185,1.5197,11-06-21 9:14:41
ADA/USD,1.5181,1.5194,11-06-21 9:14:31
ADA/USD,1.5184,1.5197,11-06-21 9:14:21
ADA/USD,1.5189,1.5198,11-06-21 9:14:11
ADA/USD,1.5189,1.5198,11-06-21 9:14:01
ADA/USD,1.5188,1.5198,11-06-21 9:13:51
ADA/USD,1.5189,1.5198,11-06-21 9:13:41
ADA/USD,1.5185,1.5194,11-06-21 9:13:31
ADA/USD,1.5185,1.5194,11-06-21 9:13:21
ADA/USD,1.5184,1.5195,11-06-21 9:13:11
ADA/USD,1.5183,1.5185,11-06-21 9:13:01
ADA/USD,1.5183,1.5185,11-06-21 9:12:51
ADA/USD,1.5184,1.5185,11-06-21 9:12:41
ADA/USD,1.5183,1.5185,11-06-21 9:12:31
ADA/USD,1.5181,1.5185,11-06-21 9:12:21
ADA/USD,1.518,1.5185,11-06-21 9:12:11
ADA/USD,1.5182,1.5191,11-06-21 9:12:01
ADA/USD,1.5184,1.5195,11-06-21 9:11:51
ADA/USD,1.5183,1.5195,11-06-21 9:11:41
ADA/USD,1.5175,1.5187,11-06-21 9:11:31
ADA/USD,1.5177,1.5187,11-06-21 9:11:21
ADA/USD,1.5188,1.5198,11-06-21 9:11:11
ADA/USD,1.5183,1.5194,11-06-21 9:11:01
ADA/USD,1.5183,1.5194,11-06-21 9:10:51
ADA/USD,1.518,1.5194,11-06-21 9:10:41
ADA/USD,1.5174,1.5175,11-06-21 9:10:31
ADA/USD,1.5171,1.5175,11-06-21 9:10:21
ADA/USD,1.5167,1.5175,11-06-21 9:10:11
ADA/USD,1.5164,1.5175,11-06-21 9:10:01
ADA/USD,1.5164,1.5175,11-06-21 9:09:51
ADA/USD,1.5164,1.5175,11-06-21 9:09:41
ADA/USD,1.516,1.5175,11-06-21 9:09:31
ADA/USD,1.5155,1.5166,11-06-21 9:09:21
ADA/USD,1.5155,1.5166,11-06-21 9:09:11
ADA/USD,1.5154,1.5168,11-06-21 9:09:01
ADA/USD,1.5159,1.5173,11-06-21 9:08:51
ADA/USD,1.5159,1.5173,11-06-21 9:08:41
ADA/USD,1.5152,1.5164,11-06-21 9:08:31
ADA/USD,1.5148,1.516,11-06-21 9:08:21
ADA/USD,1.5147,1.5157,11-06-21 9:08:11
ADA/USD,1.5139,1.515,11-06-21 9:08:01
ADA/USD,1.5137,1.5149,11-06-21 9:07:51
ADA/USD,1.5142,1.5154,11-06-21 9:07:41
ADA/USD,1.5142,1.5154,11-06-21 9:07:31
ADA/USD,1.5144,1.5157,11-06-21 9:07:21
ADA/USD,1.5144,1.5157,11-06-21 9:07:11
ADA/USD,1.5152,1.5167,11-06-21 9:07:01
ADA/USD,1.5148,1.5161,11-06-21 9:06:51
ADA/USD,1.5144,1.5161,11-06-21 9:06:41
ADA/USD,1.514,1.5154,11-06-21 9:06:31
ADA/USD,1.514,1.5154,11-06-21 9:06:21
ADA/USD,1.514,1.5154,11-06-21 9:06:11
ADA/USD,1.5133,1.5146,11-06-21 9:06:01
ADA/USD,1.5125,1.5135,11-06-21 9:05:51
ADA/USD,1.5123,1.5133,11-06-21 9:05:41
ADA/USD,1.5116,1.5127,11-06-21 9:05:31
ADA/USD,1.5121,1.5131,11-06-21 9:05:21
ADA/USD,1.5121,1.5131,11-06-21 9:05:11
ADA/USD,1.5122,1.5135,11-06-21 9:05:01
ADA/USD,1.5125,1.5139,11-06-21 9:04:51
ADA/USD,1.5125,1.5135,11-06-21 9:04:41
ADA/USD,1.5125,1.5139,11-06-21 9:04:31
ADA/USD,1.5131,1.5143,11-06-21 9:04:21
ADA/USD,1.5131,1.5143,11-06-21 9:04:11
ADA/USD,1.5131,1.5141,11-06-21 9:04:01
ADA/USD,1.5129,1.5142,11-06-21 9:03:51
ADA/USD,1.5129,1.5142,11-06-21 9:03:41
ADA/USD,1.5129,1.5141,11-06-21 9:03:31
ADA/USD,1.5116,1.5127,11-06-21 9:03:21
ADA/USD,1.5116,1.5125,11-06-21 9:03:11
ADA/USD,1.5112,1.5116,11-06-21 9:03:01
ADA/USD,1.5112,1.5116,11-06-21 9:02:51
ADA/USD,1.5112,1.5116,11-06-21 9:02:41
ADA/USD,1.5106,1.5116,11-06-21 9:02:31
ADA/USD,1.5105,1.5116,11-06-21 9:02:21
ADA/USD,1.5113,1.5116,11-06-21 9:02:11
ADA/USD,1.5115,1.5127,11-06-21 9:02:01
ADA/USD,1.5115,1.5127,11-06-21 9:01:51
ADA/USD,1.5121,1.5129,11-06-21 9:01:41
ADA/USD,1.5123,1.5134,11-06-21 9:01:31
ADA/USD,1.5123,1.5137,11-06-21 9:01:21
ADA/USD,1.5115,1.5132,11-06-21 9:01:11
ADA/USD,1.5115,1.5127,11-06-21 9:01:01
ADA/USD,1.5115,1.5132,11-06-21 9:00:51
ADA/USD,1.5115,1.5129,11-06-21 9:00:41
ADA/USD,1.51,1.5119,11-06-21 9:00:31
ADA/USD,1.509,1.5102,11-06-21 9:00:21
ADA/USD,1.5085,1.5101,11-06-21 9:00:11
ADA/USD,1.507,1.5084,11-06-21 9:00:01
ADA/USD,1.5072,1.5085,11-06-21 8:59:51
ADA/USD,1.5074,1.5088,11-06-21 8:59:41
ADA/USD,1.5072,1.5084,11-06-21 8:59:31
ADA/USD,1.5072,1.5084,11-06-21 8:59:21
ADA/USD,1.5074,1.5086,11-06-21 8:59:11
ADA/USD,1.5084,1.5097,11-06-21 8:59:01
ADA/USD,1.5084,1.5097,11-06-21 8:58:51
ADA/USD,1.5084,1.5097,11-06-21 8:58:41
ADA/USD,1.5086,1.5097,11-06-21 8:58:31
ADA/USD,1.5089,1.5102,11-06-21 8:58:21
ADA/USD,1.5092,1.5106,11-06-21 8:58:11
ADA/USD,1.5103,1.5107,11-06-21 8:58:01
ADA/USD,1.5103,1.5112,11-06-21 8:57:51
ADA/USD,1.5103,1.5112,11-06-21 8:57:41
ADA/USD,1.5103,1.5109,11-06-21 8:57:31
ADA/USD,1.5103,1.5109,11-06-21 8:57:21
ADA/USD,1.5093,1.5107,11-06-21 8:57:11
ADA/USD,1.5091,1.5103,11-06-21 8:57:01
ADA/USD,1.5091,1.5102,11-06-21 8:56:51
ADA/USD,1.5091,1.5104,11-06-21 8:56:41
ADA/USD,1.5086,1.51,11-06-21 8:56:31
ADA/USD,1.5082,1.51,11-06-21 8:56:21
ADA/USD,1.5085,1.51,11-06-21 8:56:11
ADA/USD,1.5085,1.51,11-06-21 8:56:01
ADA/USD,1.5085,1.5099,11-06-21 8:55:51
ADA/USD,1.5078,1.5092,11-06-21 8:55:41
ADA/USD,1.507,1.5078,11-06-21 8:55:31
ADA/USD,1.5071,1.5085,11-06-21 8:55:21
ADA/USD,1.507,1.5081,11-06-21 8:55:11
ADA/USD,1.507,1.5081,11-06-21 8:55:01
ADA/USD,1.507,1.5078,11-06-21 8:54:51
ADA/USD,1.5072,1.5082,11-06-21 8:54:41
ADA/USD,1.508,1.5087,11-06-21 8:54:31
ADA/USD,1.5084,1.5087,11-06-21 8:54:21
ADA/USD,1.5084,1.5087,11-06-21 8:54:11
ADA/USD,1.5086,1.5099,11-06-21 8:54:01
ADA/USD,1.5086,1.5098,11-06-21 8:53:51
ADA/USD,1.5085,1.5099,11-06-21 8:53:41
ADA/USD,1.5075,1.5086,11-06-21 8:53:31
ADA/USD,1.507,1.5079,11-06-21 8:53:21
ADA/USD,1.507,1.5079,11-06-21 8:53:11
ADA/USD,1.507,1.5074,11-06-21 8:53:01
ADA/USD,1.507,1.5074,11-06-21 8:52:51
ADA/USD,1.507,1.5077,11-06-21 8:52:41
ADA/USD,1.507,1.5078,11-06-21 8:52:31
ADA/USD,1.507,1.5078,11-06-21 8:52:21
ADA/USD,1.507,1.5078,11-06-21 8:52:11
ADA/USD,1.507,1.5078,11-06-21 8:52:01
ADA/USD,1.5074,1.5084,11-06-21 8:51:51
ADA/USD,1.5074,1.5084,11-06-21 8:51:41
ADA/USD,1.5073,1.5082,11-06-21 8:51:31
ADA/USD,1.5075,1.5088,11-06-21 8:51:21
ADA/USD,1.5075,1.5088,11-06-21 8:51:11
ADA/USD,1.5072,1.5087,11-06-21 8:51:01
ADA/USD,1.507,1.5076,11-06-21 8:50:51
ADA/USD,1.507,1.5074,11-06-21 8:50:41
ADA/USD,1.507,1.5072,11-06-21 8:50:31
ADA/USD,1.507,1.5075,11-06-21 8:50:20
ADA/USD,1.507,1.5074,11-06-21 8:50:11
ADA/USD,1.507,1.5079,11-06-21 8:50:01
ADA/USD,1.5065,1.5075,11-06-21 8:49:51
ADA/USD,1.5065,1.5075,11-06-21 8:49:41
ADA/USD,1.5067,1.5079,11-06-21 8:49:31
ADA/USD,1.5067,1.5081,11-06-21 8:49:21
ADA/USD,1.5061,1.5074,11-06-21 8:49:11
ADA/USD,1.5058,1.5071,11-06-21 8:49:01
ADA/USD,1.5057,1.5068,11-06-21 8:48:51
ADA/USD,1.5066,1.5079,11-06-21 8:48:41
ADA/USD,1.5066,1.5078,11-06-21 8:48:31
ADA/USD,1.5071,1.5085,11-06-21 8:48:21
ADA/USD,1.5074,1.5088,11-06-21 8:48:11
ADA/USD,1.5078,1.5091,11-06-21 8:48:01
ADA/USD,1.5082,1.5096,11-06-21 8:47:51
ADA/USD,1.5078,1.5092,11-06-21 8:47:41
ADA/USD,1.507,1.5085,11-06-21 8:47:31
ADA/USD,1.507,1.5084,11-06-21 8:47:21
ADA/USD,1.5078,1.5083,11-06-21 8:47:11
ADA/USD,1.5066,1.5079,11-06-21 8:47:01
ADA/USD,1.5066,1.5081,11-06-21 8:46:51
ADA/USD,1.5065,1.5077,11-06-21 8:46:41
ADA/USD,1.5063,1.5074,11-06-21 8:46:31
ADA/USD,1.5058,1.5073,11-06-21 8:46:21
ADA/USD,1.5061,1.5073,11-06-21 8:46:11
ADA/USD,1.5059,1.5074,11-06-21 8:46:01
ADA/USD,1.5049,1.5062,11-06-21 8:45:51
ADA/USD,1.5049,1.5062,11-06-21 8:45:41
ADA/USD,1.5049,1.506,11-06-21 8:45:31
ADA/USD,1.5049,1.5065,11-06-21 8:45:21
ADA/USD,1.5049,1.5058,11-06-21 8:45:11
ADA/USD,1.5053,1.5066,11-06-21 8:45:01
ADA/USD,1.5051,1.5062,11-06-21 8:44:51
ADA/USD,1.5062,1.5075,11-06-21 8:44:41
ADA/USD,1.5061,1.5075,11-06-21 8:44:31
ADA/USD,1.5059,1.5072,11-06-21 8:44:21
ADA/USD,1.506,1.5074,11-06-21 8:44:11
ADA/USD,1.506,1.5076,11-06-21 8:44:01
ADA/USD,1.5055,1.5074,11-06-21 8:43:51
ADA/USD,1.5051,1.5063,11-06-21 8:43:41
ADA/USD,1.5051,1.5067,11-06-21 8:43:31
ADA/USD,1.5049,1.505,11-06-21 8:43:21
ADA/USD,1.506,1.5071,11-06-21 8:43:11
ADA/USD,1.5069,1.5086,11-06-21 8:43:01
ADA/USD,1.5068,1.5082,11-06-21 8:42:51
ADA/USD,1.5071,1.5083,11-06-21 8:42:41
ADA/USD,1.5071,1.5082,11-06-21 8:42:31
ADA/USD,1.5075,1.5086,11-06-21 8:42:21
ADA/USD,1.5079,1.509,11-06-21 8:42:11
ADA/USD,1.5079,1.5098,11-06-21 8:42:01
ADA/USD,1.5077,1.5094,11-06-21 8:41:51
ADA/USD,1.5072,1.5085,11-06-21 8:41:41
ADA/USD,1.507,1.5084,11-06-21 8:41:31
ADA/USD,1.507,1.5082,11-06-21 8:41:21
ADA/USD,1.5068,1.5083,11-06-21 8:41:11
ADA/USD,1.5068,1.5081,11-06-21 8:41:01
ADA/USD,1.5071,1.5085,11-06-21 8:40:51
ADA/USD,1.5071,1.5085,11-06-21 8:40:41
ADA/USD,1.508,1.5097,11-06-21 8:40:31
ADA/USD,1.5076,1.5091,11-06-21 8:40:21
ADA/USD,1.5067,1.508,11-06-21 8:40:11
ADA/USD,1.5067,1.5076,11-06-21 8:40:01
ADA/USD,1.507,1.5078,11-06-21 8:39:51
ADA/USD,1.5073,1.5084,11-06-21 8:39:41
ADA/USD,1.5078,1.5088,11-06-21 8:39:31
ADA/USD,1.508,1.5092,11-06-21 8:39:21
ADA/USD,1.5072,1.5089,11-06-21 8:39:11
ADA/USD,1.5077,1.509,11-06-21 8:39:01
ADA/USD,1.5086,1.5094,11-06-21 8:38:51
ADA/USD,1.5096,1.5103,11-06-21 8:38:41
ADA/USD,1.5109,1.5118,11-06-21 8:38:31
ADA/USD,1.5106,1.5118,11-06-21 8:38:21
ADA/USD,1.5104,1.5105,11-06-21 8:38:11
ADA/USD,1.5102,1.5115,11-06-21 8:38:01
ADA/USD,1.5104,1.5115,11-06-21 8:37:51
ADA/USD,1.5115,1.5127,11-06-21 8:37:41
ADA/USD,1.5119,1.5131,11-06-21 8:37:31
ADA/USD,1.5116,1.513,11-06-21 8:37:21
ADA/USD,1.5113,1.5126,11-06-21 8:37:11
ADA/USD,1.5113,1.5123,11-06-21 8:37:01
ADA/USD,1.5114,1.5126,11-06-21 8:36:51
ADA/USD,1.5104,1.5119,11-06-21 8:36:41
ADA/USD,1.5097,1.5098,11-06-21 8:36:31
ADA/USD,1.5094,1.5098,11-06-21 8:36:21
ADA/USD,1.5093,1.5098,11-06-21 8:36:11
ADA/USD,1.5093,1.5107,11-06-21 8:36:01
ADA/USD,1.5097,1.511,11-06-21 8:35:51
ADA/USD,1.5095,1.5108,11-06-21 8:35:41
ADA/USD,1.5101,1.5112,11-06-21 8:35:31
ADA/USD,1.5105,1.5119,11-06-21 8:35:21
ADA/USD,1.5105,1.5122,11-06-21 8:35:11
ADA/USD,1.5097,1.5112,11-06-21 8:35:01
ADA/USD,1.509,1.5106,11-06-21 8:34:51
ADA/USD,1.5088,1.5102,11-06-21 8:34:41
ADA/USD,1.5091,1.5106,11-06-21 8:34:31
ADA/USD,1.5101,1.5114,11-06-21 8:34:21
ADA/USD,1.511,1.5124,11-06-21 8:34:11
ADA/USD,1.5114,1.5128,11-06-21 8:34:01
ADA/USD,1.5112,1.5127,11-06-21 8:33:51
ADA/USD,1.5102,1.5114,11-06-21 8:33:41
ADA/USD,1.5107,1.5121,11-06-21 8:33:31
ADA/USD,1.51,1.5115,11-06-21 8:33:21
ADA/USD,1.5091,1.511,11-06-21 8:33:11
ADA/USD,1.5091,1.5107,11-06-21 8:33:01
ADA/USD,1.5092,1.5108,11-06-21 8:32:51
ADA/USD,1.5095,1.5108,11-06-21 8:32:41
ADA/USD,1.5118,1.513,11-06-21 8:32:31
ADA/USD,1.5121,1.5134,11-06-21 8:32:21
ADA/USD,1.5128,1.5146,11-06-21 8:32:11
ADA/USD,1.5133,1.5149,11-06-21 8:32:01
ADA/USD,1.5127,1.5141,11-06-21 8:31:51
ADA/USD,1.5116,1.5129,11-06-21 8:31:41
ADA/USD,1.5123,1.5139,11-06-21 8:31:31
ADA/USD,1.5133,1.5141,11-06-21 8:31:21
ADA/USD,1.5147,1.516,11-06-21 8:31:11
ADA/USD,1.5153,1.5162,11-06-21 8:31:01
ADA/USD,1.5155,1.5166,11-06-21 8:30:51
ADA/USD,1.5162,1.5173,11-06-21 8:30:41
ADA/USD,1.5163,1.5179,11-06-21 8:30:31
ADA/USD,1.5169,1.5183,11-06-21 8:30:21
ADA/USD,1.5167,1.5183,11-06-21 8:30:11
ADA/USD,1.5153,1.5165,11-06-21 8:30:01
ADA/USD,1.5153,1.5165,11-06-21 8:29:51
ADA/USD,1.5164,1.5178,11-06-21 8:29:41
ADA/USD,1.5163,1.5176,11-06-21 8:29:31
ADA/USD,1.5157,1.5168,11-06-21 8:29:21
ADA/USD,1.5148,1.5157,11-06-21 8:29:11
ADA/USD,1.5152,1.5165,11-06-21 8:29:01
ADA/USD,1.5154,1.5165,11-06-21 8:28:51
ADA/USD,1.5156,1.5166,11-06-21 8:28:41
ADA/USD,1.5158,1.5171,11-06-21 8:28:31
ADA/USD,1.5158,1.5171,11-06-21 8:28:21
ADA/USD,1.5155,1.5168,11-06-21 8:28:11
ADA/USD,1.5152,1.5165,11-06-21 8:28:01
ADA/USD,1.5152,1.5163,11-06-21 8:27:51
ADA/USD,1.5152,1.5163,11-06-21 8:27:41
ADA/USD,1.5151,1.5166,11-06-21 8:27:31
ADA/USD,1.5146,1.5156,11-06-21 8:27:21
ADA/USD,1.5146,1.516,11-06-21 8:27:11
ADA/USD,1.5141,1.5156,11-06-21 8:27:01
ADA/USD,1.5147,1.5156,11-06-21 8:26:51
ADA/USD,1.5147,1.5159,11-06-21 8:26:41
ADA/USD,1.5142,1.5156,11-06-21 8:26:31
ADA/USD,1.5142,1.5157,11-06-21 8:26:21
ADA/USD,1.5137,1.5151,11-06-21 8:26:11
ADA/USD,1.5129,1.5146,11-06-21 8:26:01
ADA/USD,1.512,1.5133,11-06-21 8:25:51
ADA/USD,1.5121,1.5135,11-06-21 8:25:41
ADA/USD,1.5128,1.5142,11-06-21 8:25:31
ADA/USD,1.5128,1.514,11-06-21 8:25:21
ADA/USD,1.5129,1.514,11-06-21 8:25:11
ADA/USD,1.5129,1.5143,11-06-21 8:25:01
ADA/USD,1.5129,1.5145,11-06-21 8:24:51
ADA/USD,1.5136,1.5146,11-06-21 8:24:41
ADA/USD,1.5125,1.5138,11-06-21 8:24:31
ADA/USD,1.5115,1.5132,11-06-21 8:24:21
ADA/USD,1.5107,1.5121,11-06-21 8:24:11
ADA/USD,1.5107,1.5121,11-06-21 8:24:01
ADA/USD,1.5101,1.5113,11-06-21 8:23:51
ADA/USD,1.5102,1.5113,11-06-21 8:23:41
ADA/USD,1.5108,1.512,11-06-21 8:23:31
ADA/USD,1.5117,1.5125,11-06-21 8:23:21
ADA/USD,1.5121,1.5133,11-06-21 8:23:11
ADA/USD,1.5111,1.5124,11-06-21 8:23:01
ADA/USD,1.5111,1.5124,11-06-21 8:22:51
ADA/USD,1.5106,1.5117,11-06-21 8:22:41
ADA/USD,1.5105,1.5115,11-06-21 8:22:31
ADA/USD,1.5106,1.5116,11-06-21 8:22:21
ADA/USD,1.5106,1.5116,11-06-21 8:22:10
ADA/USD,1.5107,1.5118,11-06-21 8:22:01
ADA/USD,1.5103,1.5117,11-06-21 8:21:50
ADA/USD,1.5103,1.5117,11-06-21 8:21:41
ADA/USD,1.5105,1.5123,11-06-21 8:21:31
ADA/USD,1.5105,1.5123,11-06-21 8:21:21
ADA/USD,1.5105,1.5123,11-06-21 8:21:11
ADA/USD,1.5097,1.5114,11-06-21 8:21:01
ADA/USD,1.509,1.5105,11-06-21 8:20:51
ADA/USD,1.5089,1.5103,11-06-21 8:20:41
ADA/USD,1.5092,1.5103,11-06-21 8:20:31
ADA/USD,1.5105,1.5115,11-06-21 8:20:21
ADA/USD,1.5105,1.5119,11-06-21 8:20:11
ADA/USD,1.5105,1.5122,11-06-21 8:20:01
ADA/USD,1.5105,1.5119,11-06-21 8:19:51
ADA/USD,1.5103,1.5119,11-06-21 8:19:41
ADA/USD,1.5096,1.5112,11-06-21 8:19:31
ADA/USD,1.5094,1.5108,11-06-21 8:19:21
ADA/USD,1.5091,1.5105,11-06-21 8:19:11
ADA/USD,1.5101,1.5116,11-06-21 8:19:01
ADA/USD,1.5092,1.5114,11-06-21 8:18:51
ADA/USD,1.5079,1.5094,11-06-21 8:18:41
ADA/USD,1.5087,1.5102,11-06-21 8:18:31
ADA/USD,1.5093,1.511,11-06-21 8:18:21
ADA/USD,1.509,1.5102,11-06-21 8:18:11
ADA/USD,1.51,1.5114,11-06-21 8:18:01
ADA/USD,1.5101,1.5114,11-06-21 8:17:51
ADA/USD,1.5098,1.5114,11-06-21 8:17:41
ADA/USD,1.5092,1.5109,11-06-21 8:17:31
ADA/USD,1.5091,1.5104,11-06-21 8:17:21
ADA/USD,1.5105,1.5114,11-06-21 8:17:11
ADA/USD,1.5122,1.5131,11-06-21 8:17:01
ADA/USD,1.5138,1.5151,11-06-21 8:16:51
ADA/USD,1.5142,1.5154,11-06-21 8:16:41
ADA/USD,1.5142,1.5153,11-06-21 8:16:31
ADA/USD,1.5141,1.5153,11-06-21 8:16:21
ADA/USD,1.5137,1.5152,11-06-21 8:16:11
ADA/USD,1.5137,1.5152,11-06-21 8:16:01
ADA/USD,1.5132,1.5145,11-06-21 8:15:51
ADA/USD,1.5139,1.5153,11-06-21 8:15:41
ADA/USD,1.5141,1.5157,11-06-21 8:15:31
ADA/USD,1.5139,1.5157,11-06-21 8:15:21
ADA/USD,1.5136,1.5142,11-06-21 8:15:11
ADA/USD,1.5119,1.513,11-06-21 8:15:01
ADA/USD,1.5115,1.5124,11-06-21 8:14:51
ADA/USD,1.5127,1.514,11-06-21 8:14:41
ADA/USD,1.5131,1.5142,11-06-21 8:14:31
ADA/USD,1.513,1.5142,11-06-21 8:14:21
ADA/USD,1.5127,1.5141,11-06-21 8:14:11
ADA/USD,1.5127,1.5145,11-06-21 8:14:01
ADA/USD,1.5141,1.5152,11-06-21 8:13:51
ADA/USD,1.5148,1.5156,11-06-21 8:13:41
ADA/USD,1.515,1.5164,11-06-21 8:13:31
ADA/USD,1.5147,1.5163,11-06-21 8:13:21
ADA/USD,1.5145,1.516,11-06-21 8:13:11
ADA/USD,1.5145,1.516,11-06-21 8:13:01
ADA/USD,1.5143,1.516,11-06-21 8:12:51
ADA/USD,1.5143,1.516,11-06-21 8:12:41
ADA/USD,1.5141,1.5157,11-06-21 8:12:31
ADA/USD,1.5133,1.5145,11-06-21 8:12:21
ADA/USD,1.5137,1.5145,11-06-21 8:12:11
ADA/USD,1.5155,1.5165,11-06-21 8:12:01
ADA/USD,1.5163,1.5177,11-06-21 8:11:51
ADA/USD,1.5163,1.5173,11-06-21 8:11:41
ADA/USD,1.5163,1.5173,11-06-21 8:11:31
ADA/USD,1.5164,1.5177,11-06-21 8:11:21
ADA/USD,1.5171,1.5176,11-06-21 8:11:11
ADA/USD,1.5175,1.5176,11-06-21 8:11:01
ADA/USD,1.5174,1.5176,11-06-21 8:10:51
ADA/USD,1.5174,1.5176,11-06-21 8:10:41
ADA/USD,1.5175,1.5176,11-06-21 8:10:31
ADA/USD,1.5168,1.5176,11-06-21 8:10:21
ADA/USD,1.5164,1.5176,11-06-21 8:10:11
ADA/USD,1.5176,1.5188,11-06-21 8:10:01
ADA/USD,1.5175,1.5188,11-06-21 8:09:51
ADA/USD,1.5183,1.5197,11-06-21 8:09:41
ADA/USD,1.5181,1.5193,11-06-21 8:09:31
ADA/USD,1.5182,1.5196,11-06-21 8:09:21
ADA/USD,1.5181,1.5196,11-06-21 8:09:11
ADA/USD,1.5177,1.5185,11-06-21 8:09:01
ADA/USD,1.5175,1.5181,11-06-21 8:08:51
ADA/USD,1.5173,1.5181,11-06-21 8:08:41
ADA/USD,1.517,1.5183,11-06-21 8:08:31
ADA/USD,1.5167,1.5182,11-06-21 8:08:21
ADA/USD,1.517,1.5183,11-06-21 8:08:11
ADA/USD,1.5166,1.5182,11-06-21 8:08:01
ADA/USD,1.517,1.5177,11-06-21 8:07:51
ADA/USD,1.5171,1.5186,11-06-21 8:07:41
ADA/USD,1.5177,1.5187,11-06-21 8:07:31
ADA/USD,1.5177,1.5187,11-06-21 8:07:21
ADA/USD,1.5161,1.5175,11-06-21 8:07:11
ADA/USD,1.5159,1.5175,11-06-21 8:07:01
ADA/USD,1.5157,1.5173,11-06-21 8:06:51
ADA/USD,1.5151,1.5168,11-06-21 8:06:41
ADA/USD,1.5143,1.5152,11-06-21 8:06:31
ADA/USD,1.5138,1.5152,11-06-21 8:06:21
ADA/USD,1.5137,1.5148,11-06-21 8:06:11
ADA/USD,1.5142,1.5152,11-06-21 8:06:01
ADA/USD,1.5139,1.5152,11-06-21 8:05:51
ADA/USD,1.5142,1.5152,11-06-21 8:05:41
ADA/USD,1.5137,1.5152,11-06-21 8:05:31
ADA/USD,1.5113,1.5118,11-06-21 8:05:21
ADA/USD,1.5131,1.5148,11-06-21 8:05:11
ADA/USD,1.5114,1.5134,11-06-21 8:05:01
ADA/USD,1.5132,1.5146,11-06-21 8:04:51
ADA/USD,1.5131,1.5146,11-06-21 8:04:41
ADA/USD,1.5125,1.514,11-06-21 8:04:31
ADA/USD,1.5118,1.5138,11-06-21 8:04:21
ADA/USD,1.5113,1.5131,11-06-21 8:04:11
ADA/USD,1.5113,1.5129,11-06-21 8:04:01
ADA/USD,1.5109,1.5125,11-06-21 8:03:51
ADA/USD,1.5111,1.5128,11-06-21 8:03:41
ADA/USD,1.509,1.5106,11-06-21 8:03:31
ADA/USD,1.5092,1.5109,11-06-21 8:03:21
ADA/USD,1.5067,1.5085,11-06-21 8:03:11
ADA/USD,1.5062,1.5078,11-06-21 8:03:01
ADA/USD,1.5061,1.5078,11-06-21 8:02:51
ADA/USD,1.5061,1.5077,11-06-21 8:02:41
ADA/USD,1.508,1.5091,11-06-21 8:02:31
ADA/USD,1.508,1.5091,11-06-21 8:02:21
ADA/USD,1.508,1.5091,11-06-21 8:02:11
ADA/USD,1.509,1.5091,11-06-21 8:02:01
ADA/USD,1.509,1.5091,11-06-21 8:01:51
ADA/USD,1.509,1.5091,11-06-21 8:01:41
ADA/USD,1.508,1.5091,11-06-21 8:01:31
ADA/USD,1.5076,1.5083,11-06-21 8:01:21
ADA/USD,1.5063,1.5076,11-06-21 8:01:11
ADA/USD,1.5065,1.5077,11-06-21 8:01:01
ADA/USD,1.5061,1.5077,11-06-21 8:00:51
ADA/USD,1.506,1.5077,11-06-21 8:00:41
ADA/USD,1.5059,1.5075,11-06-21 8:00:31
ADA/USD,1.5068,1.5083,11-06-21 8:00:21
ADA/USD,1.5069,1.5083,11-06-21 8:00:11
ADA/USD,1.5068,1.5083,11-06-21 8:00:01
ADA/USD,1.5072,1.5083,11-06-21 7:59:51
ADA/USD,1.5059,1.5073,11-06-21 7:59:41
ADA/USD,1.5063,1.5077,11-06-21 7:59:31
ADA/USD,1.5068,1.5079,11-06-21 7:59:21
ADA/USD,1.506,1.5072,11-06-21 7:59:11
ADA/USD,1.5073,1.5083,11-06-21 7:59:01
ADA/USD,1.5063,1.5078,11-06-21 7:58:51
ADA/USD,1.5061,1.5074,11-06-21 7:58:41
ADA/USD,1.5061,1.507,11-06-21 7:58:31
ADA/USD,1.5054,1.5067,11-06-21 7:58:21
ADA/USD,1.5052,1.5062,11-06-21 7:58:11
ADA/USD,1.505,1.5062,11-06-21 7:58:01
ADA/USD,1.5051,1.5062,11-06-21 7:57:51
ADA/USD,1.5045,1.5057,11-06-21 7:57:41
ADA/USD,1.5048,1.5061,11-06-21 7:57:31
ADA/USD,1.5049,1.5061,11-06-21 7:57:21
ADA/USD,1.5047,1.5061,11-06-21 7:57:11
ADA/USD,1.5041,1.5057,11-06-21 7:57:01
ADA/USD,1.505,1.5061,11-06-21 7:56:51
ADA/USD,1.505,1.5065,11-06-21 7:56:41
ADA/USD,1.5055,1.5069,11-06-21 7:56:31
ADA/USD,1.5045,1.5057,11-06-21 7:56:21
ADA/USD,1.5044,1.5057,11-06-21 7:56:11
ADA/USD,1.5051,1.5065,11-06-21 7:56:01
ADA/USD,1.5051,1.5065,11-06-21 7:55:51
ADA/USD,1.5051,1.5065,11-06-21 7:55:41
ADA/USD,1.5054,1.5069,11-06-21 7:55:31
ADA/USD,1.5052,1.5066,11-06-21 7:55:21
ADA/USD,1.5044,1.5057,11-06-21 7:55:11
ADA/USD,1.5062,1.5077,11-06-21 7:55:01
ADA/USD,1.5054,1.5067,11-06-21 7:54:51
ADA/USD,1.5045,1.506,11-06-21 7:54:41
ADA/USD,1.5037,1.5051,11-06-21 7:54:31
ADA/USD,1.5021,1.5031,11-06-21 7:54:21
ADA/USD,1.5025,1.5031,11-06-21 7:54:11
ADA/USD,1.503,1.5043,11-06-21 7:54:01
ADA/USD,1.503,1.5045,11-06-21 7:53:51
ADA/USD,1.5036,1.505,11-06-21 7:53:41
ADA/USD,1.5045,1.5054,11-06-21 7:53:31
ADA/USD,1.5048,1.506,11-06-21 7:53:21
ADA/USD,1.5028,1.5029,11-06-21 7:53:11
ADA/USD,1.5028,1.5029,11-06-21 7:53:01
ADA/USD,1.5028,1.5029,11-06-21 7:52:51
ADA/USD,1.5025,1.5029,11-06-21 7:52:41
ADA/USD,1.5025,1.5029,11-06-21 7:52:31
ADA/USD,1.5026,1.5029,11-06-21 7:52:21
ADA/USD,1.5021,1.5029,11-06-21 7:52:11
ADA/USD,1.5026,1.5043,11-06-21 7:52:01
ADA/USD,1.5028,1.5045,11-06-21 7:51:51
ADA/USD,1.5022,1.5036,11-06-21 7:51:41
ADA/USD,1.5029,1.5044,11-06-21 7:51:31
ADA/USD,1.5038,1.505,11-06-21 7:51:21
ADA/USD,1.5018,1.5033,11-06-21 7:51:11
ADA/USD,1.503,1.504,11-06-21 7:51:01
ADA/USD,1.5031,1.5047,11-06-21 7:50:51
ADA/USD,1.5035,1.5051,11-06-21 7:50:41
ADA/USD,1.5026,1.5042,11-06-21 7:50:31
ADA/USD,1.5026,1.504,11-06-21 7:50:21
ADA/USD,1.5025,1.5039,11-06-21 7:50:11
ADA/USD,1.5013,1.5032,11-06-21 7:50:01
ADA/USD,1.5017,1.5027,11-06-21 7:49:51
ADA/USD,1.5017,1.5035,11-06-21 7:49:41
ADA/USD,1.5033,1.5049,11-06-21 7:49:31
ADA/USD,1.5016,1.5034,11-06-21 7:49:21
ADA/USD,1.5016,1.5036,11-06-21 7:49:11
ADA/USD,1.503,1.5034,11-06-21 7:49:01
ADA/USD,1.5049,1.505,11-06-21 7:48:51
ADA/USD,1.5049,1.5062,11-06-21 7:48:41
ADA/USD,1.5049,1.5058,11-06-21 7:48:31
ADA/USD,1.5049,1.5053,11-06-21 7:48:21
ADA/USD,1.5049,1.5064,11-06-21 7:48:11
ADA/USD,1.5049,1.5068,11-06-21 7:48:01
ADA/USD,1.5059,1.5076,11-06-21 7:47:51
ADA/USD,1.5082,1.5099,11-06-21 7:47:41
ADA/USD,1.5103,1.5115,11-06-21 7:47:31
ADA/USD,1.5101,1.5115,11-06-21 7:47:21
ADA/USD,1.5088,1.5089,11-06-21 7:47:11
ADA/USD,1.5073,1.5074,11-06-21 7:47:01
ADA/USD,1.5056,1.5072,11-06-21 7:46:51
ADA/USD,1.5056,1.5071,11-06-21 7:46:41
ADA/USD,1.5058,1.5074,11-06-21 7:46:31
ADA/USD,1.5056,1.5072,11-06-21 7:46:21
ADA/USD,1.5068,1.508,11-06-21 7:46:11
ADA/USD,1.508,1.5088,11-06-21 7:46:01
ADA/USD,1.508,1.5088,11-06-21 7:45:51
ADA/USD,1.5082,1.5096,11-06-21 7:45:41
ADA/USD,1.5093,1.51,11-06-21 7:45:31
ADA/USD,1.5099,1.5114,11-06-21 7:45:21
ADA/USD,1.512,1.513,11-06-21 7:45:11
ADA/USD,1.5101,1.5112,11-06-21 7:45:01
ADA/USD,1.5091,1.5101,11-06-21 7:44:51
ADA/USD,1.5085,1.5096,11-06-21 7:44:41
ADA/USD,1.5076,1.5077,11-06-21 7:44:31
ADA/USD,1.5073,1.5077,11-06-21 7:44:21
ADA/USD,1.5069,1.5077,11-06-21 7:44:11
ADA/USD,1.5076,1.5088,11-06-21 7:44:01
ADA/USD,1.5076,1.5088,11-06-21 7:43:51
ADA/USD,1.5082,1.5092,11-06-21 7:43:41
ADA/USD,1.5059,1.5071,11-06-21 7:43:31
ADA/USD,1.5061,1.5075,11-06-21 7:43:21
ADA/USD,1.5065,1.5079,11-06-21 7:43:11
ADA/USD,1.505,1.5065,11-06-21 7:43:01
ADA/USD,1.5065,1.5079,11-06-21 7:42:51
ADA/USD,1.5074,1.5086,11-06-21 7:42:41
ADA/USD,1.5074,1.5084,11-06-21 7:42:31
ADA/USD,1.5075,1.5087,11-06-21 7:42:21
ADA/USD,1.509,1.5099,11-06-21 7:42:11
ADA/USD,1.5091,1.5104,11-06-21 7:42:01
ADA/USD,1.5092,1.5104,11-06-21 7:41:51
ADA/USD,1.509,1.51,11-06-21 7:41:41
ADA/USD,1.5093,1.5104,11-06-21 7:41:31
ADA/USD,1.5097,1.5108,11-06-21 7:41:21
ADA/USD,1.5106,1.5118,11-06-21 7:41:11
ADA/USD,1.5106,1.5117,11-06-21 7:41:01
ADA/USD,1.5106,1.5119,11-06-21 7:40:50
ADA/USD,1.511,1.5121,11-06-21 7:40:41
ADA/USD,1.5111,1.5125,11-06-21 7:40:31
ADA/USD,1.5118,1.5128,11-06-21 7:40:21
ADA/USD,1.5105,1.5119,11-06-21 7:40:11
ADA/USD,1.5107,1.5118,11-06-21 7:40:01
ADA/USD,1.5113,1.5128,11-06-21 7:39:50
ADA/USD,1.5113,1.5126,11-06-21 7:39:41
ADA/USD,1.5117,1.5129,11-06-21 7:39:30
ADA/USD,1.5112,1.5125,11-06-21 7:39:21
ADA/USD,1.5113,1.5123,11-06-21 7:39:11
ADA/USD,1.5116,1.5128,11-06-21 7:39:01
ADA/USD,1.5118,1.5133,11-06-21 7:38:51
ADA/USD,1.5117,1.5129,11-06-21 7:38:41
ADA/USD,1.512,1.5134,11-06-21 7:38:31
ADA/USD,1.5117,1.513,11-06-21 7:38:21
ADA/USD,1.5123,1.5134,11-06-21 7:38:11
ADA/USD,1.5132,1.5142,11-06-21 7:38:01
ADA/USD,1.5133,1.5142,11-06-21 7:37:51
ADA/USD,1.5126,1.5139,11-06-21 7:37:41
ADA/USD,1.5126,1.514,11-06-21 7:37:30
ADA/USD,1.5121,1.5135,11-06-21 7:37:21
ADA/USD,1.5114,1.5126,11-06-21 7:37:11
ADA/USD,1.512,1.5132,11-06-21 7:37:01
ADA/USD,1.5118,1.513,11-06-21 7:36:51
ADA/USD,1.5121,1.5131,11-06-21 7:36:41
ADA/USD,1.5137,1.5148,11-06-21 7:36:31
ADA/USD,1.5142,1.5153,11-06-21 7:36:21
ADA/USD,1.5155,1.516,11-06-21 7:36:11
ADA/USD,1.5157,1.5169,11-06-21 7:36:01
ADA/USD,1.5157,1.5167,11-06-21 7:35:51
ADA/USD,1.5157,1.5168,11-06-21 7:35:41
ADA/USD,1.5159,1.5175,11-06-21 7:35:31
ADA/USD,1.5157,1.5171,11-06-21 7:35:21
ADA/USD,1.5153,1.5165,11-06-21 7:35:11
ADA/USD,1.515,1.5166,11-06-21 7:35:01
ADA/USD,1.5153,1.5168,11-06-21 7:34:51
ADA/USD,1.5151,1.5164,11-06-21 7:34:41
ADA/USD,1.5152,1.5167,11-06-21 7:34:31
ADA/USD,1.5141,1.5152,11-06-21 7:34:21
ADA/USD,1.5143,1.5152,11-06-21 7:34:11
ADA/USD,1.5143,1.5152,11-06-21 7:34:01
ADA/USD,1.5143,1.5152,11-06-21 7:33:51
ADA/USD,1.5139,1.5152,11-06-21 7:33:41
ADA/USD,1.515,1.5152,11-06-21 7:33:31
ADA/USD,1.5134,1.5147,11-06-21 7:33:21
ADA/USD,1.5129,1.5145,11-06-21 7:33:11
ADA/USD,1.5137,1.5149,11-06-21 7:33:01
ADA/USD,1.5138,1.515,11-06-21 7:32:51
ADA/USD,1.5134,1.515,11-06-21 7:32:41
ADA/USD,1.5133,1.5149,11-06-21 7:32:31
ADA/USD,1.5135,1.515,11-06-21 7:32:21
ADA/USD,1.5126,1.5132,11-06-21 7:32:11
ADA/USD,1.509,1.5106,11-06-21 7:32:01
ADA/USD,1.5083,1.5099,11-06-21 7:31:51
ADA/USD,1.5066,1.5077,11-06-21 7:31:41
ADA/USD,1.5063,1.5077,11-06-21 7:31:31
ADA/USD,1.5051,1.5061,11-06-21 7:31:21
ADA/USD,1.5049,1.5058,11-06-21 7:31:11
ADA/USD,1.5048,1.5056,11-06-21 7:31:01
ADA/USD,1.5049,1.5058,11-06-21 7:30:51
ADA/USD,1.5042,1.5055,11-06-21 7:30:41
ADA/USD,1.504,1.5053,11-06-21 7:30:31
ADA/USD,1.504,1.5054,11-06-21 7:30:21
ADA/USD,1.5049,1.5062,11-06-21 7:30:11
ADA/USD,1.5049,1.5061,11-06-21 7:30:01
ADA/USD,1.505,1.5062,11-06-21 7:29:51
ADA/USD,1.505,1.5063,11-06-21 7:29:41
ADA/USD,1.5052,1.5064,11-06-21 7:29:31
ADA/USD,1.5053,1.5064,11-06-21 7:29:21
ADA/USD,1.5045,1.5058,11-06-21 7:29:11
ADA/USD,1.505,1.5063,11-06-21 7:29:01
ADA/USD,1.5053,1.5065,11-06-21 7:28:51
ADA/USD,1.506,1.5073,11-06-21 7:28:41
ADA/USD,1.5057,1.5069,11-06-21 7:28:31
ADA/USD,1.5055,1.507,11-06-21 7:28:21
ADA/USD,1.5041,1.5056,11-06-21 7:28:11
ADA/USD,1.5038,1.5052,11-06-21 7:28:01
ADA/USD,1.5039,1.505,11-06-21 7:27:51
ADA/USD,1.5038,1.505,11-06-21 7:27:41
ADA/USD,1.5036,1.5048,11-06-21 7:27:31
ADA/USD,1.5036,1.505,11-06-21 7:27:21
ADA/USD,1.5035,1.505,11-06-21 7:27:11
ADA/USD,1.5032,1.5046,11-06-21 7:27:01
ADA/USD,1.5031,1.5046,11-06-21 7:26:51
ADA/USD,1.5036,1.5051,11-06-21 7:26:41
ADA/USD,1.5027,1.5033,11-06-21 7:26:31
ADA/USD,1.5025,1.5033,11-06-21 7:26:21
ADA/USD,1.5019,1.5032,11-06-21 7:26:11
ADA/USD,1.5017,1.5031,11-06-21 7:26:01
ADA/USD,1.5018,1.5029,11-06-21 7:25:51
ADA/USD,1.5004,1.5014,11-06-21 7:25:41
ADA/USD,1.5004,1.5013,11-06-21 7:25:31
ADA/USD,1.4997,1.5009,11-06-21 7:25:21
ADA/USD,1.5006,1.5013,11-06-21 7:25:11
ADA/USD,1.5005,1.5016,11-06-21 7:25:01
ADA/USD,1.5003,1.5015,11-06-21 7:24:51
ADA/USD,1.5,1.5011,11-06-21 7:24:41
ADA/USD,1.5005,1.5013,11-06-21 7:24:31
ADA/USD,1.5006,1.5015,11-06-21 7:24:21
ADA/USD,1.5008,1.5018,11-06-21 7:24:11
ADA/USD,1.4998,1.5009,11-06-21 7:24:01
ADA/USD,1.5,1.5012,11-06-21 7:23:51
ADA/USD,1.4996,1.5008,11-06-21 7:23:41
ADA/USD,1.4996,1.5008,11-06-21 7:23:31
ADA/USD,1.4996,1.5009,11-06-21 7:23:21
ADA/USD,1.5006,1.5018,11-06-21 7:23:11
ADA/USD,1.5016,1.5025,11-06-21 7:23:01
ADA/USD,1.5017,1.5027,11-06-21 7:22:51
ADA/USD,1.5016,1.5025,11-06-21 7:22:41
ADA/USD,1.5016,1.5027,11-06-21 7:22:31
ADA/USD,1.5018,1.5032,11-06-21 7:22:21
ADA/USD,1.5016,1.5019,11-06-21 7:22:11
ADA/USD,1.5009,1.5019,11-06-21 7:22:01
ADA/USD,1.5009,1.5021,11-06-21 7:21:51
ADA/USD,1.5012,1.5025,11-06-21 7:21:41
ADA/USD,1.501,1.5023,11-06-21 7:21:31
ADA/USD,1.5,1.5012,11-06-21 7:21:21
ADA/USD,1.5008,1.5019,11-06-21 7:21:11
ADA/USD,1.5016,1.5026,11-06-21 7:21:01
ADA/USD,1.5017,1.5027,11-06-21 7:20:51
ADA/USD,1.502,1.5032,11-06-21 7:20:41
ADA/USD,1.5018,1.5032,11-06-21 7:20:31
ADA/USD,1.5021,1.5033,11-06-21 7:20:21
ADA/USD,1.5022,1.5033,11-06-21 7:20:11
ADA/USD,1.5031,1.5033,11-06-21 7:20:01
ADA/USD,1.5022,1.5026,11-06-21 7:19:51
ADA/USD,1.5015,1.5022,11-06-21 7:19:41
ADA/USD,1.5015,1.5022,11-06-21 7:19:31
ADA/USD,1.5016,1.5025,11-06-21 7:19:21
ADA/USD,1.502,1.5033,11-06-21 7:19:11
ADA/USD,1.5022,1.5033,11-06-21 7:19:01
ADA/USD,1.5019,1.5033,11-06-21 7:18:51
ADA/USD,1.5016,1.5025,11-06-21 7:18:41
ADA/USD,1.5019,1.5033,11-06-21 7:18:31
ADA/USD,1.5006,1.502,11-06-21 7:18:21
ADA/USD,1.5002,1.5016,11-06-21 7:18:11
ADA/USD,1.5002,1.5016,11-06-21 7:18:01
ADA/USD,1.5001,1.5012,11-06-21 7:17:51
ADA/USD,1.4999,1.5011,11-06-21 7:17:41
ADA/USD,1.4996,1.5012,11-06-21 7:17:31
ADA/USD,1.5008,1.5015,11-06-21 7:17:21
ADA/USD,1.5008,1.5022,11-06-21 7:17:11
ADA/USD,1.4992,1.4994,11-06-21 7:17:01
ADA/USD,1.4992,1.4994,11-06-21 7:16:51
ADA/USD,1.4992,1.4994,11-06-21 7:16:41
ADA/USD,1.4986,1.4994,11-06-21 7:16:31
ADA/USD,1.4988,1.4994,11-06-21 7:16:21
ADA/USD,1.4988,1.4994,11-06-21 7:16:11
ADA/USD,1.499,1.5001,11-06-21 7:16:01
ADA/USD,1.4993,1.5005,11-06-21 7:15:51
ADA/USD,1.498,1.4993,11-06-21 7:15:41
ADA/USD,1.4968,1.4977,11-06-21 7:15:31
ADA/USD,1.4969,1.4977,11-06-21 7:15:21
ADA/USD,1.4966,1.4976,11-06-21 7:15:11
ADA/USD,1.4962,1.4974,11-06-21 7:15:01
ADA/USD,1.4962,1.4972,11-06-21 7:14:51
ADA/USD,1.4964,1.4979,11-06-21 7:14:41
ADA/USD,1.4961,1.4976,11-06-21 7:14:31
ADA/USD,1.4961,1.4976,11-06-21 7:14:21
ADA/USD,1.4956,1.4972,11-06-21 7:14:11
ADA/USD,1.4958,1.4972,11-06-21 7:14:01
ADA/USD,1.4961,1.4976,11-06-21 7:13:51
ADA/USD,1.4969,1.4973,11-06-21 7:13:41
ADA/USD,1.4965,1.4982,11-06-21 7:13:31
ADA/USD,1.4965,1.498,11-06-21 7:13:21
ADA/USD,1.4951,1.4963,11-06-21 7:13:11
ADA/USD,1.4951,1.4963,11-06-21 7:13:01
ADA/USD,1.4948,1.4963,11-06-21 7:12:51
ADA/USD,1.4958,1.4967,11-06-21 7:12:41
ADA/USD,1.4958,1.4973,11-06-21 7:12:31
ADA/USD,1.4958,1.4971,11-06-21 7:12:21
ADA/USD,1.4955,1.4971,11-06-21 7:12:11
ADA/USD,1.4949,1.4962,11-06-21 7:12:01
ADA/USD,1.4949,1.4965,11-06-21 7:11:51
ADA/USD,1.4949,1.4965,11-06-21 7:11:41
ADA/USD,1.4949,1.496,11-06-21 7:11:31
ADA/USD,1.495,1.4961,11-06-21 7:11:21
ADA/USD,1.495,1.4965,11-06-21 7:11:11
ADA/USD,1.495,1.4965,11-06-21 7:11:01
ADA/USD,1.4946,1.4965,11-06-21 7:10:51
ADA/USD,1.4941,1.4956,11-06-21 7:10:41
ADA/USD,1.4941,1.4961,11-06-21 7:10:31
ADA/USD,1.494,1.4958,11-06-21 7:10:21
ADA/USD,1.494,1.496,11-06-21 7:10:11
ADA/USD,1.493,1.4952,11-06-21 7:10:01
ADA/USD,1.4946,1.4962,11-06-21 7:09:51
ADA/USD,1.4959,1.4973,11-06-21 7:09:41
ADA/USD,1.4953,1.4965,11-06-21 7:09:31
ADA/USD,1.4948,1.4959,11-06-21 7:09:21
ADA/USD,1.4948,1.4952,11-06-21 7:09:11
ADA/USD,1.4946,1.495,11-06-21 7:09:01
ADA/USD,1.4946,1.4951,11-06-21 7:08:51
ADA/USD,1.4946,1.4952,11-06-21 7:08:41
ADA/USD,1.4946,1.4953,11-06-21 7:08:31
ADA/USD,1.4946,1.4947,11-06-21 7:08:21
ADA/USD,1.495,1.4959,11-06-21 7:08:11
ADA/USD,1.495,1.4959,11-06-21 7:08:01
ADA/USD,1.495,1.4961,11-06-21 7:07:51
ADA/USD,1.4951,1.4964,11-06-21 7:07:41
ADA/USD,1.495,1.4968,11-06-21 7:07:31
ADA/USD,1.4955,1.4972,11-06-21 7:07:21
ADA/USD,1.4953,1.4971,11-06-21 7:07:11
ADA/USD,1.4953,1.497,11-06-21 7:07:01
ADA/USD,1.4953,1.4971,11-06-21 7:06:51
ADA/USD,1.495,1.4961,11-06-21 7:06:41
ADA/USD,1.4951,1.4967,11-06-21 7:06:30
ADA/USD,1.4952,1.4967,11-06-21 7:06:21
ADA/USD,1.4964,1.4979,11-06-21 7:06:11
ADA/USD,1.4964,1.4979,11-06-21 7:06:01
ADA/USD,1.4951,1.4967,11-06-21 7:05:51
ADA/USD,1.4974,1.4981,11-06-21 7:05:41
ADA/USD,1.4974,1.4987,11-06-21 7:05:31
ADA/USD,1.4974,1.4991,11-06-21 7:05:21
ADA/USD,1.4981,1.4997,11-06-21 7:05:11
ADA/USD,1.4974,1.4986,11-06-21 7:05:01
ADA/USD,1.4974,1.4986,11-06-21 7:04:51
ADA/USD,1.4974,1.4981,11-06-21 7:04:41
ADA/USD,1.4983,1.4999,11-06-21 7:04:31
ADA/USD,1.4986,1.5002,11-06-21 7:04:21
ADA/USD,1.4988,1.5003,11-06-21 7:04:11
ADA/USD,1.4989,1.5002,11-06-21 7:04:01
ADA/USD,1.5003,1.5015,11-06-21 7:03:51
ADA/USD,1.5005,1.5017,11-06-21 7:03:41
ADA/USD,1.5013,1.5029,11-06-21 7:03:31
ADA/USD,1.501,1.5025,11-06-21 7:03:21
ADA/USD,1.501,1.5025,11-06-21 7:03:11
ADA/USD,1.5004,1.5019,11-06-21 7:03:01
ADA/USD,1.5012,1.5025,11-06-21 7:02:51
ADA/USD,1.5018,1.5031,11-06-21 7:02:41
ADA/USD,1.5016,1.5031,11-06-21 7:02:31
ADA/USD,1.5014,1.5031,11-06-21 7:02:21
ADA/USD,1.501,1.5027,11-06-21 7:02:11
ADA/USD,1.501,1.5027,11-06-21 7:02:01
ADA/USD,1.4997,1.5013,11-06-21 7:01:51
ADA/USD,1.4991,1.5008,11-06-21 7:01:41
ADA/USD,1.4991,1.5008,11-06-21 7:01:31
ADA/USD,1.4994,1.5008,11-06-21 7:01:21
ADA/USD,1.499,1.5007,11-06-21 7:01:11
ADA/USD,1.4996,1.5015,11-06-21 7:01:01
ADA/USD,1.4996,1.5016,11-06-21 7:00:51
ADA/USD,1.4996,1.5013,11-06-21 7:00:41
ADA/USD,1.4996,1.5013,11-06-21 7:00:31
ADA/USD,1.4996,1.5012,11-06-21 7:00:21
ADA/USD,1.4996,1.5005,11-06-21 7:00:11
ADA/USD,1.4978,1.4994,11-06-21 7:00:01
ADA/USD,1.4985,1.5001,11-06-21 6:59:51
ADA/USD,1.4986,1.5002,11-06-21 6:59:41
ADA/USD,1.4988,1.5004,11-06-21 6:59:31
ADA/USD,1.4978,1.4997,11-06-21 6:59:21
ADA/USD,1.4982,1.4998,11-06-21 6:59:11
ADA/USD,1.4982,1.4999,11-06-21 6:59:01
ADA/USD,1.4977,1.4991,11-06-21 6:58:51
ADA/USD,1.4981,1.4998,11-06-21 6:58:41
ADA/USD,1.4982,1.4999,11-06-21 6:58:31
ADA/USD,1.4983,1.5002,11-06-21 6:58:21
ADA/USD,1.4977,1.4993,11-06-21 6:58:11
ADA/USD,1.4975,1.4986,11-06-21 6:58:01
ADA/USD,1.4986,1.5001,11-06-21 6:57:51
ADA/USD,1.4987,1.4996,11-06-21 6:57:41
ADA/USD,1.4995,1.5008,11-06-21 6:57:31
ADA/USD,1.4998,1.5012,11-06-21 6:57:21
ADA/USD,1.5003,1.5015,11-06-21 6:57:11
ADA/USD,1.5006,1.5019,11-06-21 6:57:01
ADA/USD,1.5011,1.5022,11-06-21 6:56:51
ADA/USD,1.5012,1.5022,11-06-21 6:56:41
ADA/USD,1.5013,1.5024,11-06-21 6:56:31
ADA/USD,1.5013,1.5024,11-06-21 6:56:21
ADA/USD,1.5006,1.5017,11-06-21 6:56:11
ADA/USD,1.5006,1.5017,11-06-21 6:56:01
ADA/USD,1.501,1.5021,11-06-21 6:55:51
ADA/USD,1.5011,1.5021,11-06-21 6:55:41
ADA/USD,1.4994,1.5007,11-06-21 6:55:31
ADA/USD,1.501,1.5011,11-06-21 6:55:21
ADA/USD,1.501,1.5011,11-06-21 6:55:11
ADA/USD,1.501,1.5013,11-06-21 6:55:01
ADA/USD,1.501,1.5013,11-06-21 6:54:51
ADA/USD,1.501,1.5013,11-06-21 6:54:41
ADA/USD,1.5012,1.5013,11-06-21 6:54:30
ADA/USD,1.5012,1.5013,11-06-21 6:54:21
ADA/USD,1.501,1.5013,11-06-21 6:54:11
ADA/USD,1.501,1.502,11-06-21 6:54:01
ADA/USD,1.5012,1.5025,11-06-21 6:53:51
ADA/USD,1.5012,1.5025,11-06-21 6:53:41
ADA/USD,1.5012,1.5025,11-06-21 6:53:31
ADA/USD,1.5014,1.5026,11-06-21 6:53:21
ADA/USD,1.5015,1.5027,11-06-21 6:53:11
ADA/USD,1.5019,1.503,11-06-21 6:53:01
ADA/USD,1.5017,1.503,11-06-21 6:52:51
ADA/USD,1.5021,1.5033,11-06-21 6:52:41
ADA/USD,1.5017,1.5029,11-06-21 6:52:31
ADA/USD,1.5017,1.5026,11-06-21 6:52:21
ADA/USD,1.5026,1.5033,11-06-21 6:52:11
ADA/USD,1.5026,1.5033,11-06-21 6:52:01
ADA/USD,1.5029,1.5033,11-06-21 6:51:51
ADA/USD,1.5027,1.5033,11-06-21 6:51:41
ADA/USD,1.5029,1.5033,11-06-21 6:51:31
ADA/USD,1.5028,1.5033,11-06-21 6:51:21
ADA/USD,1.5021,1.5033,11-06-21 6:51:11
ADA/USD,1.5029,1.5033,11-06-21 6:51:01
ADA/USD,1.503,1.5033,11-06-21 6:50:51
ADA/USD,1.5028,1.5033,11-06-21 6:50:41
ADA/USD,1.5025,1.5033,11-06-21 6:50:31
ADA/USD,1.5025,1.5033,11-06-21 6:50:21
ADA/USD,1.502,1.5033,11-06-21 6:50:11
ADA/USD,1.503,1.5042,11-06-21 6:50:01
ADA/USD,1.5032,1.5044,11-06-21 6:49:51
ADA/USD,1.5037,1.505,11-06-21 6:49:41
ADA/USD,1.5039,1.5051,11-06-21 6:49:31
ADA/USD,1.5034,1.5048,11-06-21 6:49:21
ADA/USD,1.503,1.5044,11-06-21 6:49:11
ADA/USD,1.503,1.5044,11-06-21 6:49:01
ADA/USD,1.5034,1.5048,11-06-21 6:48:51
ADA/USD,1.5042,1.5057,11-06-21 6:48:41
ADA/USD,1.5032,1.5046,11-06-21 6:48:31
ADA/USD,1.5049,1.505,11-06-21 6:48:21
ADA/USD,1.5049,1.505,11-06-21 6:48:11
ADA/USD,1.5049,1.505,11-06-21 6:48:01
ADA/USD,1.5049,1.5055,11-06-21 6:47:51
ADA/USD,1.5049,1.5059,11-06-21 6:47:41
ADA/USD,1.5049,1.5063,11-06-21 6:47:31
ADA/USD,1.5049,1.5057,11-06-21 6:47:21
ADA/USD,1.5049,1.5059,11-06-21 6:47:11
ADA/USD,1.5051,1.5067,11-06-21 6:47:01
ADA/USD,1.5057,1.5073,11-06-21 6:46:51
ADA/USD,1.5057,1.5074,11-06-21 6:46:41
ADA/USD,1.5057,1.5071,11-06-21 6:46:31
ADA/USD,1.5058,1.5071,11-06-21 6:46:20
ADA/USD,1.5056,1.5071,11-06-21 6:46:11
ADA/USD,1.5071,1.5084,11-06-21 6:46:01
ADA/USD,1.5076,1.5087,11-06-21 6:45:51
ADA/USD,1.5073,1.5085,11-06-21 6:45:41
ADA/USD,1.5062,1.5071,11-06-21 6:45:31
ADA/USD,1.5052,1.5062,11-06-21 6:45:21
ADA/USD,1.5049,1.5059,11-06-21 6:45:11
ADA/USD,1.5049,1.5053,11-06-21 6:45:01
ADA/USD,1.5049,1.5057,11-06-21 6:44:51
ADA/USD,1.5049,1.5053,11-06-21 6:44:41
ADA/USD,1.5049,1.5055,11-06-21 6:44:31
ADA/USD,1.5053,1.5057,11-06-21 6:44:21
ADA/USD,1.5053,1.5054,11-06-21 6:44:11
ADA/USD,1.5053,1.5057,11-06-21 6:44:01
ADA/USD,1.5053,1.5061,11-06-21 6:43:51
ADA/USD,1.5053,1.5062,11-06-21 6:43:41
ADA/USD,1.5056,1.507,11-06-21 6:43:31
ADA/USD,1.5056,1.5073,11-06-21 6:43:21
ADA/USD,1.5057,1.5073,11-06-21 6:43:11
ADA/USD,1.5058,1.5073,11-06-21 6:43:01
ADA/USD,1.507,1.5082,11-06-21 6:42:51
ADA/USD,1.5074,1.5087,11-06-21 6:42:41
ADA/USD,1.5074,1.5088,11-06-21 6:42:31
ADA/USD,1.5067,1.5083,11-06-21 6:42:21
ADA/USD,1.507,1.5081,11-06-21 6:42:11
ADA/USD,1.507,1.5081,11-06-21 6:42:01
ADA/USD,1.5068,1.5082,11-06-21 6:41:51
ADA/USD,1.5058,1.5071,11-06-21 6:41:41
ADA/USD,1.5055,1.5069,11-06-21 6:41:31
ADA/USD,1.5053,1.5061,11-06-21 6:41:21
ADA/USD,1.5053,1.5065,11-06-21 6:41:11
ADA/USD,1.5053,1.5064,11-06-21 6:41:01
ADA/USD,1.5055,1.5068,11-06-21 6:40:51
ADA/USD,1.5058,1.5073,11-06-21 6:40:41
ADA/USD,1.5059,1.5073,11-06-21 6:40:31
ADA/USD,1.5064,1.5081,11-06-21 6:40:21
ADA/USD,1.5065,1.5081,11-06-21 6:40:11
ADA/USD,1.5058,1.5074,11-06-21 6:40:01
ADA/USD,1.507,1.5085,11-06-21 6:39:51
ADA/USD,1.5071,1.5084,11-06-21 6:39:41
ADA/USD,1.5072,1.5087,11-06-21 6:39:31
ADA/USD,1.5082,1.5095,11-06-21 6:39:21
ADA/USD,1.5081,1.5093,11-06-21 6:39:11
ADA/USD,1.5086,1.5097,11-06-21 6:39:01
ADA/USD,1.509,1.5101,11-06-21 6:38:51
ADA/USD,1.509,1.5101,11-06-21 6:38:40
ADA/USD,1.5083,1.5094,11-06-21 6:38:31
ADA/USD,1.5078,1.5095,11-06-21 6:38:20
ADA/USD,1.5088,1.5098,11-06-21 6:38:11
ADA/USD,1.5078,1.5091,11-06-21 6:38:00
ADA/USD,1.5079,1.5091,11-06-21 6:37:50
ADA/USD,1.508,1.5092,11-06-21 6:37:41
ADA/USD,1.5079,1.5094,11-06-21 6:37:31
ADA/USD,1.508,1.5095,11-06-21 6:37:21
ADA/USD,1.508,1.5095,11-06-21 6:37:11
ADA/USD,1.5079,1.5095,11-06-21 6:37:01
ADA/USD,1.5079,1.5093,11-06-21 6:36:51
ADA/USD,1.5082,1.5096,11-06-21 6:36:41
ADA/USD,1.5084,1.5098,11-06-21 6:36:31
ADA/USD,1.5081,1.5094,11-06-21 6:36:21
ADA/USD,1.5076,1.5089,11-06-21 6:36:11
ADA/USD,1.5072,1.5083,11-06-21 6:36:01
ADA/USD,1.5087,1.51,11-06-21 6:35:51
ADA/USD,1.5089,1.51,11-06-21 6:35:41
ADA/USD,1.5089,1.51,11-06-21 6:35:31
ADA/USD,1.5085,1.5097,11-06-21 6:35:20
ADA/USD,1.5085,1.5097,11-06-21 6:35:11
ADA/USD,1.5085,1.5097,11-06-21 6:35:01
ADA/USD,1.5079,1.5091,11-06-21 6:34:51
ADA/USD,1.5081,1.5091,11-06-21 6:34:41
ADA/USD,1.5075,1.5089,11-06-21 6:34:31
ADA/USD,1.5085,1.5097,11-06-21 6:34:21
ADA/USD,1.5085,1.5098,11-06-21 6:34:11
ADA/USD,1.5086,1.5098,11-06-21 6:34:01
ADA/USD,1.5087,1.5098,11-06-21 6:33:51
ADA/USD,1.5087,1.5099,11-06-21 6:33:41
ADA/USD,1.5083,1.5097,11-06-21 6:33:31
ADA/USD,1.5083,1.5097,11-06-21 6:33:21
ADA/USD,1.5083,1.5097,11-06-21 6:33:11
ADA/USD,1.5083,1.5097,11-06-21 6:33:01
ADA/USD,1.5081,1.5092,11-06-21 6:32:51
ADA/USD,1.5078,1.5089,11-06-21 6:32:40
ADA/USD,1.5075,1.5088,11-06-21 6:32:31
ADA/USD,1.5075,1.5088,11-06-21 6:32:21
ADA/USD,1.5075,1.5089,11-06-21 6:32:10
ADA/USD,1.5072,1.5084,11-06-21 6:32:01
ADA/USD,1.5072,1.5084,11-06-21 6:31:51
ADA/USD,1.5069,1.5079,11-06-21 6:31:41
ADA/USD,1.5068,1.5079,11-06-21 6:31:31
ADA/USD,1.5066,1.5083,11-06-21 6:31:20
ADA/USD,1.5066,1.5081,11-06-21 6:31:11
ADA/USD,1.5066,1.5078,11-06-21 6:31:01
ADA/USD,1.507,1.5083,11-06-21 6:30:51
ADA/USD,1.5064,1.508,11-06-21 6:30:41
ADA/USD,1.5064,1.508,11-06-21 6:30:31
ADA/USD,1.5055,1.5067,11-06-21 6:30:21
ADA/USD,1.5055,1.5067,11-06-21 6:30:11
ADA/USD,1.5055,1.5067,11-06-21 6:30:01
ADA/USD,1.5058,1.5071,11-06-21 6:29:51
ADA/USD,1.5061,1.5071,11-06-21 6:29:41
ADA/USD,1.5061,1.5071,11-06-21 6:29:31
ADA/USD,1.5058,1.5069,11-06-21 6:29:20
ADA/USD,1.5056,1.5069,11-06-21 6:29:11
ADA/USD,1.5065,1.5077,11-06-21 6:29:01
ADA/USD,1.5061,1.5077,11-06-21 6:28:51
ADA/USD,1.5061,1.5077,11-06-21 6:28:41
ADA/USD,1.5061,1.5077,11-06-21 6:28:31
ADA/USD,1.5061,1.5077,11-06-21 6:28:21
ADA/USD,1.5058,1.5072,11-06-21 6:28:11
ADA/USD,1.5058,1.5072,11-06-21 6:28:01
ADA/USD,1.5058,1.5072,11-06-21 6:27:51
ADA/USD,1.5059,1.5069,11-06-21 6:27:41
ADA/USD,1.5059,1.5072,11-06-21 6:27:31
ADA/USD,1.5056,1.5068,11-06-21 6:27:21
ADA/USD,1.5063,1.5077,11-06-21 6:27:11
ADA/USD,1.5063,1.5076,11-06-21 6:27:01
ADA/USD,1.5067,1.508,11-06-21 6:26:51
ADA/USD,1.5063,1.5081,11-06-21 6:26:41
ADA/USD,1.5063,1.5078,11-06-21 6:26:31
ADA/USD,1.5075,1.5086,11-06-21 6:26:20
ADA/USD,1.5075,1.5086,11-06-21 6:26:11
ADA/USD,1.5079,1.5088,11-06-21 6:26:01
ADA/USD,1.508,1.5088,11-06-21 6:25:51
ADA/USD,1.5074,1.5082,11-06-21 6:25:41
ADA/USD,1.5074,1.5082,11-06-21 6:25:31
ADA/USD,1.5074,1.5082,11-06-21 6:25:21
ADA/USD,1.5069,1.5082,11-06-21 6:25:11
ADA/USD,1.5059,1.5077,11-06-21 6:25:01
ADA/USD,1.5062,1.5079,11-06-21 6:24:51
ADA/USD,1.5064,1.5079,11-06-21 6:24:41
ADA/USD,1.5066,1.5083,11-06-21 6:24:31
ADA/USD,1.5075,1.5092,11-06-21 6:24:21
ADA/USD,1.5065,1.5083,11-06-21 6:24:11
ADA/USD,1.5059,1.5074,11-06-21 6:24:01
ADA/USD,1.506,1.5074,11-06-21 6:23:51
ADA/USD,1.5054,1.5073,11-06-21 6:23:41
ADA/USD,1.5053,1.5071,11-06-21 6:23:30
ADA/USD,1.5053,1.5063,11-06-21 6:23:21
ADA/USD,1.5053,1.5059,11-06-21 6:23:11
ADA/USD,1.5053,1.5057,11-06-21 6:23:01
ADA/USD,1.5068,1.5082,11-06-21 6:22:51
ADA/USD,1.5071,1.5085,11-06-21 6:22:41
ADA/USD,1.5065,1.5082,11-06-21 6:22:31
ADA/USD,1.5082,1.51,11-06-21 6:22:21
ADA/USD,1.5077,1.509,11-06-21 6:22:11
ADA/USD,1.5067,1.5083,11-06-21 6:22:01
ADA/USD,1.5066,1.508,11-06-21 6:21:51
ADA/USD,1.5062,1.5075,11-06-21 6:21:41
ADA/USD,1.5064,1.5075,11-06-21 6:21:31
ADA/USD,1.5072,1.5075,11-06-21 6:21:21
ADA/USD,1.5077,1.5096,11-06-21 6:21:11
ADA/USD,1.5075,1.5091,11-06-21 6:21:01
ADA/USD,1.5075,1.5094,11-06-21 6:20:51
ADA/USD,1.508,1.5094,11-06-21 6:20:41
ADA/USD,1.5062,1.5079,11-06-21 6:20:31
ADA/USD,1.506,1.5073,11-06-21 6:20:21
ADA/USD,1.5072,1.5086,11-06-21 6:20:11
ADA/USD,1.5081,1.5097,11-06-21 6:20:01
ADA/USD,1.5086,1.5102,11-06-21 6:19:50
ADA/USD,1.5083,1.5098,11-06-21 6:19:41
ADA/USD,1.5098,1.5101,11-06-21 6:19:31
ADA/USD,1.5099,1.5112,11-06-21 6:19:21
ADA/USD,1.5105,1.5121,11-06-21 6:19:11
ADA/USD,1.5105,1.5121,11-06-21 6:19:01
ADA/USD,1.5105,1.5121,11-06-21 6:18:51
ADA/USD,1.5104,1.512,11-06-21 6:18:41
ADA/USD,1.5099,1.5115,11-06-21 6:18:31
ADA/USD,1.5099,1.5113,11-06-21 6:18:21
ADA/USD,1.5106,1.5121,11-06-21 6:18:11
ADA/USD,1.5106,1.512,11-06-21 6:18:01
ADA/USD,1.5116,1.5133,11-06-21 6:17:51
ADA/USD,1.5107,1.5124,11-06-21 6:17:41
ADA/USD,1.5107,1.5127,11-06-21 6:17:31
ADA/USD,1.5105,1.5124,11-06-21 6:17:21
ADA/USD,1.5098,1.5112,11-06-21 6:17:11
ADA/USD,1.5098,1.5113,11-06-21 6:17:01
ADA/USD,1.5098,1.5112,11-06-21 6:16:51
ADA/USD,1.5117,1.5118,11-06-21 6:16:41
ADA/USD,1.5117,1.5118,11-06-21 6:16:31
ADA/USD,1.5117,1.5118,11-06-21 6:16:21
ADA/USD,1.5117,1.5118,11-06-21 6:16:11
ADA/USD,1.5125,1.5137,11-06-21 6:16:01
ADA/USD,1.5131,1.5141,11-06-21 6:15:51
ADA/USD,1.5157,1.516,11-06-21 6:15:41
ADA/USD,1.5157,1.5171,11-06-21 6:15:30
ADA/USD,1.5157,1.5166,11-06-21 6:15:21
ADA/USD,1.5152,1.5158,11-06-21 6:15:11
ADA/USD,1.5152,1.5155,11-06-21 6:15:01
ADA/USD,1.5152,1.5155,11-06-21 6:14:51
ADA/USD,1.514,1.5153,11-06-21 6:14:41
ADA/USD,1.5151,1.5152,11-06-21 6:14:30
ADA/USD,1.5151,1.5162,11-06-21 6:14:21
ADA/USD,1.5151,1.5162,11-06-21 6:14:11
ADA/USD,1.5149,1.516,11-06-21 6:14:01
ADA/USD,1.5152,1.5164,11-06-21 6:13:51
ADA/USD,1.515,1.516,11-06-21 6:13:41
ADA/USD,1.5156,1.517,11-06-21 6:13:31
ADA/USD,1.5159,1.517,11-06-21 6:13:21
ADA/USD,1.5158,1.517,11-06-21 6:13:11
ADA/USD,1.5153,1.5164,11-06-21 6:13:01
ADA/USD,1.5158,1.5165,11-06-21 6:12:51
ADA/USD,1.5157,1.5165,11-06-21 6:12:41
ADA/USD,1.5147,1.5164,11-06-21 6:12:31
ADA/USD,1.5148,1.5164,11-06-21 6:12:21
ADA/USD,1.5156,1.5165,11-06-21 6:12:11
ADA/USD,1.5155,1.517,11-06-21 6:12:01
ADA/USD,1.5164,1.518,11-06-21 6:11:51
ADA/USD,1.5172,1.5184,11-06-21 6:11:40
ADA/USD,1.5171,1.5185,11-06-21 6:11:31
ADA/USD,1.5171,1.5184,11-06-21 6:11:21
ADA/USD,1.5167,1.5181,11-06-21 6:11:11
ADA/USD,1.5166,1.5181,11-06-21 6:11:01
ADA/USD,1.5156,1.5174,11-06-21 6:10:51
ADA/USD,1.5168,1.5188,11-06-21 6:10:41
ADA/USD,1.5166,1.5184,11-06-21 6:10:31
ADA/USD,1.5167,1.5184,11-06-21 6:10:21
ADA/USD,1.5148,1.5163,11-06-21 6:10:11
ADA/USD,1.5139,1.5155,11-06-21 6:10:01
ADA/USD,1.5139,1.5154,11-06-21 6:09:51
ADA/USD,1.5157,1.5172,11-06-21 6:09:41
ADA/USD,1.5165,1.5184,11-06-21 6:09:31
ADA/USD,1.5174,1.5192,11-06-21 6:09:21
ADA/USD,1.516,1.5176,11-06-21 6:09:11
ADA/USD,1.5161,1.5178,11-06-21 6:09:01
ADA/USD,1.5147,1.5161,11-06-21 6:08:51
ADA/USD,1.5146,1.5161,11-06-21 6:08:41
ADA/USD,1.5145,1.5158,11-06-21 6:08:31
ADA/USD,1.5149,1.5166,11-06-21 6:08:21
ADA/USD,1.5151,1.5166,11-06-21 6:08:11
ADA/USD,1.5157,1.5174,11-06-21 6:08:01
ADA/USD,1.5152,1.5166,11-06-21 6:07:51
ADA/USD,1.5148,1.5161,11-06-21 6:07:41
ADA/USD,1.5148,1.5161,11-06-21 6:07:31
ADA/USD,1.5156,1.5172,11-06-21 6:07:21
ADA/USD,1.5155,1.5172,11-06-21 6:07:11
ADA/USD,1.5159,1.5177,11-06-21 6:07:01
ADA/USD,1.5159,1.5176,11-06-21 6:06:51
ADA/USD,1.5154,1.5159,11-06-21 6:06:41
ADA/USD,1.5157,1.5159,11-06-21 6:06:31
ADA/USD,1.5156,1.5159,11-06-21 6:06:21
ADA/USD,1.5153,1.5159,11-06-21 6:06:11
ADA/USD,1.5145,1.5163,11-06-21 6:06:01
ADA/USD,1.5158,1.5172,11-06-21 6:05:51
ADA/USD,1.5174,1.5191,11-06-21 6:05:41
ADA/USD,1.5174,1.5194,11-06-21 6:05:31
ADA/USD,1.5173,1.5188,11-06-21 6:05:21
ADA/USD,1.517,1.5185,11-06-21 6:05:11
ADA/USD,1.5166,1.5179,11-06-21 6:05:01
ADA/USD,1.5165,1.5179,11-06-21 6:04:51
ADA/USD,1.5151,1.5168,11-06-21 6:04:41
ADA/USD,1.5143,1.5159,11-06-21 6:04:31
ADA/USD,1.5149,1.5166,11-06-21 6:04:21
ADA/USD,1.5154,1.5172,11-06-21 6:04:11
ADA/USD,1.5151,1.5168,11-06-21 6:04:01
ADA/USD,1.5162,1.5179,11-06-21 6:03:51
ADA/USD,1.5142,1.5158,11-06-21 6:03:41
ADA/USD,1.5165,1.5182,11-06-21 6:03:31
ADA/USD,1.5162,1.5176,11-06-21 6:03:21
ADA/USD,1.5157,1.5176,11-06-21 6:03:11
ADA/USD,1.5172,1.5185,11-06-21 6:03:01
ADA/USD,1.5171,1.5187,11-06-21 6:02:51
ADA/USD,1.5167,1.5184,11-06-21 6:02:41
ADA/USD,1.5164,1.5181,11-06-21 6:02:31
ADA/USD,1.5184,1.5185,11-06-21 6:02:21
ADA/USD,1.5184,1.5197,11-06-21 6:02:11
ADA/USD,1.5187,1.5196,11-06-21 6:02:01
ADA/USD,1.5184,1.5187,11-06-21 6:01:51
ADA/USD,1.5198,1.521,11-06-21 6:01:41
ADA/USD,1.5218,1.5234,11-06-21 6:01:31
ADA/USD,1.5218,1.5236,11-06-21 6:01:21
ADA/USD,1.5229,1.5242,11-06-21 6:01:11
ADA/USD,1.5226,1.524,11-06-21 6:01:01
ADA/USD,1.5238,1.5253,11-06-21 6:00:51
ADA/USD,1.524,1.5254,11-06-21 6:00:41
ADA/USD,1.5238,1.5252,11-06-21 6:00:31
ADA/USD,1.5233,1.5248,11-06-21 6:00:21
ADA/USD,1.5233,1.5244,11-06-21 6:00:11
ADA/USD,1.5216,1.5231,11-06-21 6:00:01
ADA/USD,1.5216,1.5231,11-06-21 5:59:51
ADA/USD,1.5217,1.523,11-06-21 5:59:41
ADA/USD,1.5218,1.5235,11-06-21 5:59:31
ADA/USD,1.5217,1.5231,11-06-21 5:59:21
ADA/USD,1.5224,1.5228,11-06-21 5:59:11
ADA/USD,1.5236,1.5248,11-06-21 5:59:01
ADA/USD,1.5236,1.525,11-06-21 5:58:51
ADA/USD,1.5245,1.5256,11-06-21 5:58:41
ADA/USD,1.5242,1.5256,11-06-21 5:58:31
ADA/USD,1.5243,1.5256,11-06-21 5:58:21
ADA/USD,1.5237,1.5249,11-06-21 5:58:11
ADA/USD,1.5237,1.5249,11-06-21 5:58:01
ADA/USD,1.5241,1.5254,11-06-21 5:57:51
ADA/USD,1.5247,1.5261,11-06-21 5:57:41
ADA/USD,1.5248,1.526,11-06-21 5:57:31
ADA/USD,1.525,1.526,11-06-21 5:57:21
ADA/USD,1.5254,1.5264,11-06-21 5:57:11
ADA/USD,1.525,1.5259,11-06-21 5:57:01
ADA/USD,1.525,1.5262,11-06-21 5:56:51
ADA/USD,1.5252,1.5265,11-06-21 5:56:41
ADA/USD,1.5252,1.5265,11-06-21 5:56:31
ADA/USD,1.525,1.5264,11-06-21 5:56:21
ADA/USD,1.5252,1.5265,11-06-21 5:56:11
ADA/USD,1.5264,1.5275,11-06-21 5:56:01
ADA/USD,1.5264,1.5277,11-06-21 5:55:50
ADA/USD,1.5264,1.5277,11-06-21 5:55:41
ADA/USD,1.5262,1.5274,11-06-21 5:55:31
ADA/USD,1.5255,1.5266,11-06-21 5:55:21
ADA/USD,1.5257,1.5268,11-06-21 5:55:11
ADA/USD,1.5252,1.5261,11-06-21 5:55:01
ADA/USD,1.525,1.526,11-06-21 5:54:51
ADA/USD,1.525,1.526,11-06-21 5:54:41
ADA/USD,1.5253,1.5264,11-06-21 5:54:31
ADA/USD,1.5253,1.5266,11-06-21 5:54:21
ADA/USD,1.5253,1.5265,11-06-21 5:54:11
ADA/USD,1.5251,1.5268,11-06-21 5:54:01
ADA/USD,1.5255,1.5269,11-06-21 5:53:51
ADA/USD,1.5253,1.5265,11-06-21 5:53:41
ADA/USD,1.525,1.5264,11-06-21 5:53:31
ADA/USD,1.5248,1.5261,11-06-21 5:53:21
ADA/USD,1.5251,1.5269,11-06-21 5:53:11
ADA/USD,1.5258,1.5272,11-06-21 5:53:01
ADA/USD,1.5259,1.5274,11-06-21 5:52:51
ADA/USD,1.5267,1.5279,11-06-21 5:52:41
ADA/USD,1.5272,1.5283,11-06-21 5:52:31
ADA/USD,1.5268,1.5281,11-06-21 5:52:21
ADA/USD,1.5283,1.5295,11-06-21 5:52:11
ADA/USD,1.5284,1.5297,11-06-21 5:52:01
ADA/USD,1.5287,1.5299,11-06-21 5:51:51
ADA/USD,1.5287,1.5301,11-06-21 5:51:41
ADA/USD,1.5287,1.5301,11-06-21 5:51:31
ADA/USD,1.5274,1.5292,11-06-21 5:51:21
ADA/USD,1.5271,1.5285,11-06-21 5:51:11
ADA/USD,1.5262,1.5279,11-06-21 5:51:01
ADA/USD,1.5273,1.5282,11-06-21 5:50:51
ADA/USD,1.5273,1.5286,11-06-21 5:50:41
ADA/USD,1.5273,1.5291,11-06-21 5:50:31
ADA/USD,1.528,1.5295,11-06-21 5:50:21
ADA/USD,1.5302,1.5317,11-06-21 5:50:11
ADA/USD,1.5302,1.5316,11-06-21 5:50:01
ADA/USD,1.5305,1.5316,11-06-21 5:49:50
ADA/USD,1.5312,1.532,11-06-21 5:49:41
ADA/USD,1.5316,1.5326,11-06-21 5:49:31
ADA/USD,1.5318,1.5327,11-06-21 5:49:21
ADA/USD,1.5313,1.5324,11-06-21 5:49:11
ADA/USD,1.5311,1.5323,11-06-21 5:49:01
ADA/USD,1.5317,1.5327,11-06-21 5:48:51
ADA/USD,1.5317,1.5324,11-06-21 5:48:41
ADA/USD,1.5313,1.5324,11-06-21 5:48:30
ADA/USD,1.531,1.532,11-06-21 5:48:21
ADA/USD,1.531,1.532,11-06-21 5:48:11
ADA/USD,1.531,1.5322,11-06-21 5:48:01
ADA/USD,1.531,1.5323,11-06-21 5:47:51
ADA/USD,1.531,1.5324,11-06-21 5:47:41
ADA/USD,1.5309,1.5323,11-06-21 5:47:31
ADA/USD,1.5314,1.5326,11-06-21 5:47:21
ADA/USD,1.5311,1.5324,11-06-21 5:47:11
ADA/USD,1.532,1.5335,11-06-21 5:47:01
ADA/USD,1.532,1.5334,11-06-21 5:46:50
ADA/USD,1.5318,1.5336,11-06-21 5:46:41
ADA/USD,1.5322,1.5336,11-06-21 5:46:31
ADA/USD,1.5322,1.5336,11-06-21 5:46:21
ADA/USD,1.5319,1.5332,11-06-21 5:46:11
ADA/USD,1.533,1.5342,11-06-21 5:46:01
ADA/USD,1.5325,1.5341,11-06-21 5:45:51
ADA/USD,1.5318,1.5333,11-06-21 5:45:41
ADA/USD,1.5318,1.5332,11-06-21 5:45:31
ADA/USD,1.5315,1.5325,11-06-21 5:45:21
ADA/USD,1.5312,1.5324,11-06-21 5:45:11
ADA/USD,1.5309,1.5322,11-06-21 5:45:01
ADA/USD,1.531,1.5323,11-06-21 5:44:51
ADA/USD,1.531,1.5323,11-06-21 5:44:41
ADA/USD,1.5308,1.5326,11-06-21 5:44:31
ADA/USD,1.5311,1.5325,11-06-21 5:44:21
ADA/USD,1.5311,1.5322,11-06-21 5:44:11
ADA/USD,1.5314,1.5327,11-06-21 5:44:01
ADA/USD,1.5314,1.5327,11-06-21 5:43:51
ADA/USD,1.5314,1.5328,11-06-21 5:43:41
ADA/USD,1.5316,1.5328,11-06-21 5:43:31
ADA/USD,1.5316,1.5331,11-06-21 5:43:21
ADA/USD,1.532,1.5331,11-06-21 5:43:11
ADA/USD,1.5315,1.5328,11-06-21 5:43:01
ADA/USD,1.5315,1.5328,11-06-21 5:42:51
ADA/USD,1.5324,1.5335,11-06-21 5:42:41
ADA/USD,1.5324,1.5335,11-06-21 5:42:31
ADA/USD,1.5316,1.5325,11-06-21 5:42:21
ADA/USD,1.5317,1.5324,11-06-21 5:42:11
ADA/USD,1.531,1.532,11-06-21 5:42:01
ADA/USD,1.5306,1.5319,11-06-21 5:41:51
ADA/USD,1.5306,1.5316,11-06-21 5:41:41
ADA/USD,1.5306,1.5316,11-06-21 5:41:31
ADA/USD,1.5306,1.5314,11-06-21 5:41:21
ADA/USD,1.5306,1.5317,11-06-21 5:41:11
ADA/USD,1.5312,1.5324,11-06-21 5:41:01
ADA/USD,1.5312,1.5327,11-06-21 5:40:51
ADA/USD,1.5308,1.532,11-06-21 5:40:41
ADA/USD,1.5308,1.5324,11-06-21 5:40:31
ADA/USD,1.531,1.5324,11-06-21 5:40:21
ADA/USD,1.5302,1.5316,11-06-21 5:40:11
ADA/USD,1.5308,1.532,11-06-21 5:40:01
ADA/USD,1.5296,1.5312,11-06-21 5:39:51
ADA/USD,1.5298,1.5312,11-06-21 5:39:41
ADA/USD,1.5296,1.5308,11-06-21 5:39:31
ADA/USD,1.5295,1.5306,11-06-21 5:39:21
ADA/USD,1.5309,1.5323,11-06-21 5:39:11
ADA/USD,1.5316,1.5331,11-06-21 5:39:01
ADA/USD,1.5315,1.5329,11-06-21 5:38:51
ADA/USD,1.5318,1.5331,11-06-21 5:38:41
ADA/USD,1.5315,1.5327,11-06-21 5:38:31
ADA/USD,1.5319,1.5331,11-06-21 5:38:21
ADA/USD,1.5304,1.5321,11-06-21 5:38:11
ADA/USD,1.5303,1.5317,11-06-21 5:38:01
ADA/USD,1.5303,1.532,11-06-21 5:37:51
ADA/USD,1.5301,1.532,11-06-21 5:37:41
ADA/USD,1.5299,1.5314,11-06-21 5:37:31
ADA/USD,1.53,1.5317,11-06-21 5:37:21
ADA/USD,1.5301,1.5317,11-06-21 5:37:10
ADA/USD,1.5299,1.5309,11-06-21 5:37:01
ADA/USD,1.529,1.5304,11-06-21 5:36:51
ADA/USD,1.529,1.5305,11-06-21 5:36:41
ADA/USD,1.5288,1.5305,11-06-21 5:36:31
ADA/USD,1.5291,1.5305,11-06-21 5:36:21
ADA/USD,1.5288,1.5304,11-06-21 5:36:11
ADA/USD,1.529,1.5309,11-06-21 5:36:01
ADA/USD,1.5279,1.5295,11-06-21 5:35:51
ADA/USD,1.5279,1.5291,11-06-21 5:35:41
ADA/USD,1.5274,1.5286,11-06-21 5:35:31
ADA/USD,1.5283,1.5295,11-06-21 5:35:21
ADA/USD,1.5299,1.5314,11-06-21 5:35:11
ADA/USD,1.5285,1.5299,11-06-21 5:35:01
ADA/USD,1.5284,1.5299,11-06-21 5:34:51
ADA/USD,1.5282,1.53,11-06-21 5:34:41
ADA/USD,1.5298,1.5313,11-06-21 5:34:31
ADA/USD,1.5306,1.5318,11-06-21 5:34:21
ADA/USD,1.5311,1.5324,11-06-21 5:34:11
ADA/USD,1.5308,1.5319,11-06-21 5:34:01
ADA/USD,1.5306,1.5323,11-06-21 5:33:51
ADA/USD,1.5303,1.5321,11-06-21 5:33:41
ADA/USD,1.5298,1.5316,11-06-21 5:33:31
ADA/USD,1.5299,1.5314,11-06-21 5:33:21
ADA/USD,1.5304,1.5319,11-06-21 5:33:11
ADA/USD,1.5318,1.5331,11-06-21 5:33:01
ADA/USD,1.5317,1.5329,11-06-21 5:32:51
ADA/USD,1.5313,1.5327,11-06-21 5:32:41
ADA/USD,1.5324,1.5334,11-06-21 5:32:31
ADA/USD,1.5321,1.5332,11-06-21 5:32:21
ADA/USD,1.533,1.5342,11-06-21 5:32:11
ADA/USD,1.5335,1.5342,11-06-21 5:32:01
ADA/USD,1.5343,1.5354,11-06-21 5:31:51
ADA/USD,1.5343,1.5355,11-06-21 5:31:41
ADA/USD,1.5343,1.5354,11-06-21 5:31:31
ADA/USD,1.5344,1.5359,11-06-21 5:31:21
ADA/USD,1.5346,1.5361,11-06-21 5:31:11
ADA/USD,1.5346,1.5358,11-06-21 5:31:01
ADA/USD,1.534,1.535,11-06-21 5:30:51
ADA/USD,1.5335,1.5347,11-06-21 5:30:41
ADA/USD,1.5335,1.5347,11-06-21 5:30:31
ADA/USD,1.5343,1.5353,11-06-21 5:30:21
ADA/USD,1.5344,1.5353,11-06-21 5:30:11
ADA/USD,1.5335,1.5345,11-06-21 5:30:01
ADA/USD,1.5338,1.5348,11-06-21 5:29:51
ADA/USD,1.5335,1.5348,11-06-21 5:29:40
ADA/USD,1.5341,1.5352,11-06-21 5:29:31
ADA/USD,1.5335,1.5345,11-06-21 5:29:21
ADA/USD,1.534,1.5351,11-06-21 5:29:11
ADA/USD,1.5345,1.5356,11-06-21 5:29:01
ADA/USD,1.5345,1.5356,11-06-21 5:28:50
ADA/USD,1.5348,1.5361,11-06-21 5:28:41
ADA/USD,1.5348,1.5361,11-06-21 5:28:31
ADA/USD,1.5348,1.5361,11-06-21 5:28:21
ADA/USD,1.5349,1.5361,11-06-21 5:28:11
ADA/USD,1.5343,1.5354,11-06-21 5:28:01
ADA/USD,1.5344,1.5354,11-06-21 5:27:51
ADA/USD,1.5336,1.5348,11-06-21 5:27:41
ADA/USD,1.5343,1.5355,11-06-21 5:27:31
ADA/USD,1.5335,1.5346,11-06-21 5:27:21
ADA/USD,1.5337,1.5348,11-06-21 5:27:11
ADA/USD,1.5352,1.5363,11-06-21 5:27:01
ADA/USD,1.5352,1.5363,11-06-21 5:26:51
ADA/USD,1.5352,1.5364,11-06-21 5:26:41
ADA/USD,1.5352,1.5364,11-06-21 5:26:31
ADA/USD,1.5349,1.5361,11-06-21 5:26:21
ADA/USD,1.5342,1.5354,11-06-21 5:26:11
ADA/USD,1.5341,1.5353,11-06-21 5:26:01
ADA/USD,1.5341,1.5353,11-06-21 5:25:51
ADA/USD,1.5346,1.5354,11-06-21 5:25:41
ADA/USD,1.5346,1.536,11-06-21 5:25:31
ADA/USD,1.5349,1.5362,11-06-21 5:25:21
ADA/USD,1.5349,1.5364,11-06-21 5:25:11
ADA/USD,1.5339,1.5351,11-06-21 5:25:01
ADA/USD,1.5344,1.5356,11-06-21 5:24:51
ADA/USD,1.5344,1.536,11-06-21 5:24:41
ADA/USD,1.5344,1.536,11-06-21 5:24:31
ADA/USD,1.5344,1.5358,11-06-21 5:24:20
ADA/USD,1.5334,1.5347,11-06-21 5:24:11
ADA/USD,1.5336,1.5347,11-06-21 5:24:01
ADA/USD,1.5334,1.535,11-06-21 5:23:51
ADA/USD,1.5334,1.5348,11-06-21 5:23:41
ADA/USD,1.5345,1.536,11-06-21 5:23:31
ADA/USD,1.5345,1.536,11-06-21 5:23:21
ADA/USD,1.5338,1.5351,11-06-21 5:23:11
ADA/USD,1.5327,1.5341,11-06-21 5:23:01
ADA/USD,1.5328,1.5342,11-06-21 5:22:51
ADA/USD,1.5334,1.5346,11-06-21 5:22:41
ADA/USD,1.5335,1.5346,11-06-21 5:22:31
ADA/USD,1.5337,1.5349,11-06-21 5:22:21
ADA/USD,1.5338,1.5351,11-06-21 5:22:11
ADA/USD,1.5336,1.5352,11-06-21 5:22:01
ADA/USD,1.5334,1.5348,11-06-21 5:21:51
ADA/USD,1.5334,1.5351,11-06-21 5:21:41
ADA/USD,1.5335,1.5351,11-06-21 5:21:31
ADA/USD,1.5362,1.5372,11-06-21 5:21:21
ADA/USD,1.536,1.5374,11-06-21 5:21:11
ADA/USD,1.537,1.5384,11-06-21 5:21:01
ADA/USD,1.537,1.5384,11-06-21 5:20:51
ADA/USD,1.5372,1.5392,11-06-21 5:20:41
ADA/USD,1.5369,1.5385,11-06-21 5:20:31
ADA/USD,1.5369,1.5383,11-06-21 5:20:21
ADA/USD,1.5367,1.5381,11-06-21 5:20:11
ADA/USD,1.5384,1.5396,11-06-21 5:20:01
ADA/USD,1.5383,1.5396,11-06-21 5:19:51
ADA/USD,1.5383,1.5399,11-06-21 5:19:41
ADA/USD,1.5389,1.5402,11-06-21 5:19:31
ADA/USD,1.5383,1.5396,11-06-21 5:19:21
ADA/USD,1.5384,1.5396,11-06-21 5:19:11
ADA/USD,1.5384,1.5396,11-06-21 5:19:01
ADA/USD,1.5385,1.5399,11-06-21 5:18:51
ADA/USD,1.5389,1.54,11-06-21 5:18:41
ADA/USD,1.5388,1.5398,11-06-21 5:18:31
ADA/USD,1.539,1.54,11-06-21 5:18:21
ADA/USD,1.5389,1.54,11-06-21 5:18:11
ADA/USD,1.5388,1.5404,11-06-21 5:18:01
ADA/USD,1.5385,1.54,11-06-21 5:17:51
ADA/USD,1.5385,1.5401,11-06-21 5:17:41
ADA/USD,1.5397,1.5405,11-06-21 5:17:31
ADA/USD,1.5399,1.5413,11-06-21 5:17:21
ADA/USD,1.5402,1.5417,11-06-21 5:17:11
ADA/USD,1.5416,1.5428,11-06-21 5:17:01
ADA/USD,1.5416,1.543,11-06-21 5:16:51
ADA/USD,1.5416,1.5427,11-06-21 5:16:41
ADA/USD,1.5407,1.5422,11-06-21 5:16:31
ADA/USD,1.5404,1.5416,11-06-21 5:16:21
ADA/USD,1.5397,1.5404,11-06-21 5:16:11
ADA/USD,1.5397,1.5401,11-06-21 5:16:01
ADA/USD,1.5389,1.5402,11-06-21 5:15:51
ADA/USD,1.5387,1.5397,11-06-21 5:15:41
ADA/USD,1.5392,1.5401,11-06-21 5:15:31
ADA/USD,1.5397,1.5407,11-06-21 5:15:21
ADA/USD,1.5395,1.5405,11-06-21 5:15:11
ADA/USD,1.5395,1.5405,11-06-21 5:15:01
ADA/USD,1.5394,1.5405,11-06-21 5:14:51
ADA/USD,1.5396,1.5406,11-06-21 5:14:41
ADA/USD,1.5397,1.5407,11-06-21 5:14:31
ADA/USD,1.54,1.5412,11-06-21 5:14:21
ADA/USD,1.5398,1.5407,11-06-21 5:14:11
ADA/USD,1.5396,1.5405,11-06-21 5:14:01
ADA/USD,1.5394,1.5405,11-06-21 5:13:51
ADA/USD,1.5399,1.541,11-06-21 5:13:41
ADA/USD,1.5399,1.541,11-06-21 5:13:31
ADA/USD,1.5399,1.5407,11-06-21 5:13:21
ADA/USD,1.5398,1.5411,11-06-21 5:13:11
ADA/USD,1.5388,1.5402,11-06-21 5:13:00
ADA/USD,1.5382,1.5395,11-06-21 5:12:51
ADA/USD,1.5393,1.5405,11-06-21 5:12:40
ADA/USD,1.5392,1.5405,11-06-21 5:12:31
ADA/USD,1.5394,1.5404,11-06-21 5:12:20
ADA/USD,1.5394,1.5407,11-06-21 5:12:11
ADA/USD,1.5395,1.5407,11-06-21 5:12:01
ADA/USD,1.5395,1.5407,11-06-21 5:11:51
ADA/USD,1.5394,1.5407,11-06-21 5:11:41
ADA/USD,1.5397,1.5413,11-06-21 5:11:31
ADA/USD,1.5397,1.5413,11-06-21 5:11:21
ADA/USD,1.5395,1.5403,11-06-21 5:11:11
ADA/USD,1.5395,1.5404,11-06-21 5:11:01
ADA/USD,1.5401,1.5413,11-06-21 5:10:51
ADA/USD,1.5401,1.5413,11-06-21 5:10:41
ADA/USD,1.5397,1.5412,11-06-21 5:10:31
ADA/USD,1.5402,1.5416,11-06-21 5:10:20
ADA/USD,1.5398,1.5409,11-06-21 5:10:11
ADA/USD,1.5407,1.5423,11-06-21 5:10:01
ADA/USD,1.5407,1.5423,11-06-21 5:09:51
ADA/USD,1.5401,1.5413,11-06-21 5:09:41
ADA/USD,1.5402,1.5417,11-06-21 5:09:31
ADA/USD,1.5395,1.5409,11-06-21 5:09:20
ADA/USD,1.5393,1.5407,11-06-21 5:09:11
ADA/USD,1.539,1.5398,11-06-21 5:09:01
ADA/USD,1.5393,1.5398,11-06-21 5:08:51
ADA/USD,1.5383,1.5398,11-06-21 5:08:41
ADA/USD,1.538,1.5393,11-06-21 5:08:31
ADA/USD,1.5382,1.5398,11-06-21 5:08:21
ADA/USD,1.5385,1.5398,11-06-21 5:08:11
ADA/USD,1.5387,1.5401,11-06-21 5:08:01
ADA/USD,1.5397,1.5408,11-06-21 5:07:51
ADA/USD,1.5401,1.5412,11-06-21 5:07:41
ADA/USD,1.5403,1.5415,11-06-21 5:07:31
ADA/USD,1.5399,1.5409,11-06-21 5:07:21
ADA/USD,1.54,1.5412,11-06-21 5:07:10
ADA/USD,1.5401,1.5402,11-06-21 5:07:01
ADA/USD,1.5399,1.5402,11-06-21 5:06:51
ADA/USD,1.5399,1.5402,11-06-21 5:06:41
ADA/USD,1.5399,1.5402,11-06-21 5:06:31
ADA/USD,1.5397,1.5402,11-06-21 5:06:21
ADA/USD,1.5394,1.5402,11-06-21 5:06:11
ADA/USD,1.5399,1.5415,11-06-21 5:06:01
ADA/USD,1.5401,1.5418,11-06-21 5:05:51
ADA/USD,1.5397,1.5411,11-06-21 5:05:41
ADA/USD,1.54,1.5409,11-06-21 5:05:31
ADA/USD,1.5393,1.5406,11-06-21 5:05:21
ADA/USD,1.5393,1.5404,11-06-21 5:05:11
ADA/USD,1.5387,1.5395,11-06-21 5:05:01
ADA/USD,1.5388,1.5395,11-06-21 5:04:51
ADA/USD,1.5387,1.5395,11-06-21 5:04:41
ADA/USD,1.5387,1.5395,11-06-21 5:04:31
ADA/USD,1.5391,1.5395,11-06-21 5:04:21
ADA/USD,1.5388,1.5395,11-06-21 5:04:11
ADA/USD,1.5392,1.5404,11-06-21 5:04:01
ADA/USD,1.5394,1.5406,11-06-21 5:03:51
ADA/USD,1.5388,1.5404,11-06-21 5:03:41
ADA/USD,1.539,1.5405,11-06-21 5:03:31
ADA/USD,1.5384,1.5397,11-06-21 5:03:21
ADA/USD,1.5383,1.5401,11-06-21 5:03:11
ADA/USD,1.5385,1.5401,11-06-21 5:03:01
ADA/USD,1.539,1.5404,11-06-21 5:02:51
ADA/USD,1.539,1.5408,11-06-21 5:02:41
ADA/USD,1.5393,1.5409,11-06-21 5:02:31
ADA/USD,1.5385,1.5404,11-06-21 5:02:21
ADA/USD,1.5383,1.5397,11-06-21 5:02:11
ADA/USD,1.5383,1.5401,11-06-21 5:02:01
ADA/USD,1.5398,1.5409,11-06-21 5:01:51
ADA/USD,1.5379,1.5396,11-06-21 5:01:41
ADA/USD,1.5379,1.5394,11-06-21 5:01:31
ADA/USD,1.5371,1.5387,11-06-21 5:01:21
ADA/USD,1.5367,1.5383,11-06-21 5:01:11
ADA/USD,1.5371,1.5388,11-06-21 5:01:01
ADA/USD,1.5367,1.5382,11-06-21 5:00:51
ADA/USD,1.5371,1.5391,11-06-21 5:00:41
ADA/USD,1.5371,1.5386,11-06-21 5:00:31
ADA/USD,1.536,1.5375,11-06-21 5:00:21
ADA/USD,1.5368,1.5384,11-06-21 5:00:10
ADA/USD,1.5347,1.5362,11-06-21 5:00:01
ADA/USD,1.5351,1.5366,11-06-21 4:59:51
ADA/USD,1.5353,1.5369,11-06-21 4:59:41
ADA/USD,1.5353,1.5369,11-06-21 4:59:31
ADA/USD,1.5346,1.5362,11-06-21 4:59:21
ADA/USD,1.5346,1.5358,11-06-21 4:59:11
ADA/USD,1.5349,1.5363,11-06-21 4:59:01
ADA/USD,1.5347,1.5363,11-06-21 4:58:51
ADA/USD,1.5353,1.5368,11-06-21 4:58:41
ADA/USD,1.5342,1.5359,11-06-21 4:58:31
ADA/USD,1.5339,1.5355,11-06-21 4:58:20
ADA/USD,1.5349,1.5363,11-06-21 4:58:11
ADA/USD,1.5349,1.5365,11-06-21 4:58:01
ADA/USD,1.5349,1.5365,11-06-21 4:57:51
ADA/USD,1.5344,1.5357,11-06-21 4:57:41
ADA/USD,1.5344,1.5357,11-06-21 4:57:31
ADA/USD,1.5351,1.5366,11-06-21 4:57:21
ADA/USD,1.5351,1.5366,11-06-21 4:57:11
ADA/USD,1.5356,1.5371,11-06-21 4:57:01
ADA/USD,1.5352,1.5366,11-06-21 4:56:51
ADA/USD,1.5365,1.5379,11-06-21 4:56:41
ADA/USD,1.5365,1.5379,11-06-21 4:56:31
ADA/USD,1.5369,1.5387,11-06-21 4:56:21
ADA/USD,1.537,1.5385,11-06-21 4:56:11
ADA/USD,1.5366,1.538,11-06-21 4:56:01
ADA/USD,1.5366,1.538,11-06-21 4:55:51
ADA/USD,1.5365,1.538,11-06-21 4:55:41
ADA/USD,1.5366,1.538,11-06-21 4:55:31
ADA/USD,1.5367,1.5379,11-06-21 4:55:21
ADA/USD,1.5374,1.5384,11-06-21 4:55:11
ADA/USD,1.5375,1.5391,11-06-21 4:55:01
ADA/USD,1.537,1.5385,11-06-21 4:54:51
ADA/USD,1.5369,1.5384,11-06-21 4:54:41
ADA/USD,1.5365,1.538,11-06-21 4:54:31
ADA/USD,1.5366,1.538,11-06-21 4:54:21
ADA/USD,1.5371,1.5374,11-06-21 4:54:11
ADA/USD,1.5377,1.5393,11-06-21 4:54:01
ADA/USD,1.5373,1.5389,11-06-21 4:53:51
ADA/USD,1.5372,1.5389,11-06-21 4:53:41
ADA/USD,1.5386,1.5402,11-06-21 4:53:31
ADA/USD,1.5369,1.5378,11-06-21 4:53:21
ADA/USD,1.5362,1.5375,11-06-21 4:53:11
ADA/USD,1.5362,1.5375,11-06-21 4:53:01
ADA/USD,1.5352,1.5364,11-06-21 4:52:51
ADA/USD,1.5348,1.5361,11-06-21 4:52:41
ADA/USD,1.535,1.5362,11-06-21 4:52:31
ADA/USD,1.535,1.536,11-06-21 4:52:21
ADA/USD,1.5355,1.5368,11-06-21 4:52:11
ADA/USD,1.5356,1.5368,11-06-21 4:52:01
ADA/USD,1.5355,1.5368,11-06-21 4:51:51
ADA/USD,1.5354,1.5368,11-06-21 4:51:41
ADA/USD,1.5354,1.5368,11-06-21 4:51:31
ADA/USD,1.5352,1.5368,11-06-21 4:51:21
ADA/USD,1.536,1.5378,11-06-21 4:51:11
ADA/USD,1.5354,1.5367,11-06-21 4:51:01
ADA/USD,1.535,1.5367,11-06-21 4:50:51
ADA/USD,1.5343,1.5358,11-06-21 4:50:41
ADA/USD,1.5343,1.5355,11-06-21 4:50:31
ADA/USD,1.5336,1.5346,11-06-21 4:50:21
ADA/USD,1.5334,1.5345,11-06-21 4:50:11
ADA/USD,1.5331,1.5344,11-06-21 4:50:01
ADA/USD,1.5336,1.535,11-06-21 4:49:51
ADA/USD,1.5336,1.535,11-06-21 4:49:41
ADA/USD,1.5332,1.5345,11-06-21 4:49:31
ADA/USD,1.5338,1.535,11-06-21 4:49:21
ADA/USD,1.534,1.5353,11-06-21 4:49:11
ADA/USD,1.5343,1.5357,11-06-21 4:49:01
ADA/USD,1.534,1.5355,11-06-21 4:48:51
ADA/USD,1.5341,1.5352,11-06-21 4:48:41
ADA/USD,1.5341,1.5352,11-06-21 4:48:31
ADA/USD,1.534,1.535,11-06-21 4:48:21
ADA/USD,1.5335,1.5345,11-06-21 4:48:11
ADA/USD,1.5335,1.5346,11-06-21 4:48:01
ADA/USD,1.5335,1.5347,11-06-21 4:47:51
ADA/USD,1.5335,1.5347,11-06-21 4:47:41
ADA/USD,1.5333,1.5348,11-06-21 4:47:31
ADA/USD,1.5331,1.5345,11-06-21 4:47:21
ADA/USD,1.5328,1.5344,11-06-21 4:47:11
ADA/USD,1.5328,1.5344,11-06-21 4:47:01
ADA/USD,1.5328,1.5342,11-06-21 4:46:51
ADA/USD,1.5338,1.5352,11-06-21 4:46:41
ADA/USD,1.5339,1.5352,11-06-21 4:46:31
ADA/USD,1.5344,1.5355,11-06-21 4:46:21
ADA/USD,1.5341,1.5353,11-06-21 4:46:11
ADA/USD,1.534,1.5353,11-06-21 4:46:01
ADA/USD,1.5342,1.5355,11-06-21 4:45:50
ADA/USD,1.5341,1.5355,11-06-21 4:45:41
ADA/USD,1.5342,1.5355,11-06-21 4:45:30
ADA/USD,1.534,1.5352,11-06-21 4:45:21
ADA/USD,1.5349,1.5361,11-06-21 4:45:11
ADA/USD,1.5347,1.5357,11-06-21 4:45:01
ADA/USD,1.5349,1.5361,11-06-21 4:44:50
ADA/USD,1.5347,1.5361,11-06-21 4:44:41
ADA/USD,1.5347,1.5362,11-06-21 4:44:31
ADA/USD,1.5345,1.5359,11-06-21 4:44:21
ADA/USD,1.5344,1.5359,11-06-21 4:44:11
ADA/USD,1.5344,1.5357,11-06-21 4:44:01
ADA/USD,1.5339,1.5353,11-06-21 4:43:51
ADA/USD,1.5338,1.535,11-06-21 4:43:41
ADA/USD,1.5345,1.5355,11-06-21 4:43:31
ADA/USD,1.5344,1.5356,11-06-21 4:43:21
ADA/USD,1.5344,1.5354,11-06-21 4:43:11
ADA/USD,1.5345,1.5352,11-06-21 4:43:01
ADA/USD,1.5348,1.5352,11-06-21 4:42:51
ADA/USD,1.535,1.5352,11-06-21 4:42:41
ADA/USD,1.5349,1.5352,11-06-21 4:42:31
ADA/USD,1.5349,1.5352,11-06-21 4:42:21
ADA/USD,1.5348,1.5352,11-06-21 4:42:11
ADA/USD,1.535,1.5363,11-06-21 4:42:01
ADA/USD,1.5351,1.5364,11-06-21 4:41:51
ADA/USD,1.5352,1.5364,11-06-21 4:41:41
ADA/USD,1.5349,1.5361,11-06-21 4:41:31
ADA/USD,1.535,1.5363,11-06-21 4:41:21
ADA/USD,1.5351,1.5363,11-06-21 4:41:11
ADA/USD,1.5348,1.5363,11-06-21 4:41:01
ADA/USD,1.5347,1.5363,11-06-21 4:40:51
ADA/USD,1.5344,1.5359,11-06-21 4:40:41
ADA/USD,1.5351,1.5366,11-06-21 4:40:31
ADA/USD,1.5357,1.5363,11-06-21 4:40:21
ADA/USD,1.5369,1.5378,11-06-21 4:40:11
ADA/USD,1.5371,1.5378,11-06-21 4:40:01
ADA/USD,1.5363,1.5376,11-06-21 4:39:51
ADA/USD,1.5368,1.5378,11-06-21 4:39:41
ADA/USD,1.5366,1.5378,11-06-21 4:39:31
ADA/USD,1.5358,1.5375,11-06-21 4:39:21
ADA/USD,1.5355,1.5368,11-06-21 4:39:11
ADA/USD,1.537,1.5378,11-06-21 4:39:01
ADA/USD,1.537,1.5378,11-06-21 4:38:51
ADA/USD,1.5373,1.5378,11-06-21 4:38:41
ADA/USD,1.537,1.5378,11-06-21 4:38:31
ADA/USD,1.537,1.5378,11-06-21 4:38:21
ADA/USD,1.5374,1.5378,11-06-21 4:38:11
ADA/USD,1.5359,1.5374,11-06-21 4:38:01
ADA/USD,1.5347,1.5363,11-06-21 4:37:51
ADA/USD,1.5338,1.5353,11-06-21 4:37:41
ADA/USD,1.533,1.5347,11-06-21 4:37:31
ADA/USD,1.5326,1.5343,11-06-21 4:37:21
ADA/USD,1.5334,1.535,11-06-21 4:37:11
ADA/USD,1.5337,1.5355,11-06-21 4:37:01
ADA/USD,1.5337,1.5355,11-06-21 4:36:51
ADA/USD,1.5345,1.5363,11-06-21 4:36:41
ADA/USD,1.5345,1.5361,11-06-21 4:36:31
ADA/USD,1.5333,1.5347,11-06-21 4:36:21
ADA/USD,1.5324,1.5341,11-06-21 4:36:11
ADA/USD,1.5324,1.534,11-06-21 4:36:01
ADA/USD,1.532,1.5335,11-06-21 4:35:51
ADA/USD,1.5315,1.5328,11-06-21 4:35:40
ADA/USD,1.5309,1.5322,11-06-21 4:35:31
ADA/USD,1.5303,1.5316,11-06-21 4:35:21
ADA/USD,1.5297,1.5311,11-06-21 4:35:11
ADA/USD,1.5301,1.5315,11-06-21 4:35:01
ADA/USD,1.5301,1.5315,11-06-21 4:34:51
ADA/USD,1.5298,1.5313,11-06-21 4:34:41
ADA/USD,1.5295,1.5308,11-06-21 4:34:31
ADA/USD,1.5293,1.5305,11-06-21 4:34:21
ADA/USD,1.5292,1.5307,11-06-21 4:34:11
ADA/USD,1.5293,1.5304,11-06-21 4:34:01
ADA/USD,1.5291,1.5302,11-06-21 4:33:51
ADA/USD,1.5289,1.53,11-06-21 4:33:41
ADA/USD,1.5289,1.5299,11-06-21 4:33:30
ADA/USD,1.5286,1.5297,11-06-21 4:33:21
ADA/USD,1.5285,1.5297,11-06-21 4:33:11
ADA/USD,1.5288,1.5301,11-06-21 4:33:01
ADA/USD,1.5287,1.5301,11-06-21 4:32:51
ADA/USD,1.5286,1.5299,11-06-21 4:32:41
ADA/USD,1.5283,1.5295,11-06-21 4:32:31
ADA/USD,1.528,1.5293,11-06-21 4:32:21
ADA/USD,1.5279,1.5293,11-06-21 4:32:11
ADA/USD,1.5279,1.5293,11-06-21 4:32:00
ADA/USD,1.5279,1.5293,11-06-21 4:31:51
ADA/USD,1.5279,1.5292,11-06-21 4:31:41
ADA/USD,1.5272,1.5284,11-06-21 4:31:30
ADA/USD,1.5272,1.5284,11-06-21 4:31:21
ADA/USD,1.5273,1.5287,11-06-21 4:31:11
ADA/USD,1.5279,1.5294,11-06-21 4:31:01
ADA/USD,1.5279,1.5294,11-06-21 4:30:51
ADA/USD,1.5275,1.529,11-06-21 4:30:41
ADA/USD,1.5274,1.529,11-06-21 4:30:31
ADA/USD,1.5273,1.5286,11-06-21 4:30:21
ADA/USD,1.5276,1.5285,11-06-21 4:30:11
ADA/USD,1.5267,1.528,11-06-21 4:30:01
ADA/USD,1.527,1.5283,11-06-21 4:29:51
ADA/USD,1.527,1.5286,11-06-21 4:29:41
ADA/USD,1.5269,1.5288,11-06-21 4:29:31
ADA/USD,1.5274,1.5289,11-06-21 4:29:21
ADA/USD,1.527,1.5284,11-06-21 4:29:11
ADA/USD,1.5274,1.5289,11-06-21 4:29:01
ADA/USD,1.5274,1.5289,11-06-21 4:28:51
ADA/USD,1.5289,1.5301,11-06-21 4:28:41
ADA/USD,1.5291,1.5304,11-06-21 4:28:31
ADA/USD,1.5279,1.5292,11-06-21 4:28:21
ADA/USD,1.5276,1.5292,11-06-21 4:28:11
ADA/USD,1.5273,1.5286,11-06-21 4:28:00
ADA/USD,1.5282,1.5296,11-06-21 4:27:51
ADA/USD,1.528,1.5296,11-06-21 4:27:41
ADA/USD,1.5286,1.5302,11-06-21 4:27:31
ADA/USD,1.5282,1.5298,11-06-21 4:27:21
ADA/USD,1.5279,1.5293,11-06-21 4:27:11
ADA/USD,1.5289,1.5302,11-06-21 4:27:01
ADA/USD,1.5291,1.5305,11-06-21 4:26:51
ADA/USD,1.5289,1.5302,11-06-21 4:26:41
ADA/USD,1.5297,1.5307,11-06-21 4:26:31
ADA/USD,1.5292,1.5306,11-06-21 4:26:21
ADA/USD,1.5293,1.5306,11-06-21 4:26:11
ADA/USD,1.5293,1.5309,11-06-21 4:26:01
ADA/USD,1.53,1.5315,11-06-21 4:25:51
ADA/USD,1.5294,1.5311,11-06-21 4:25:41
ADA/USD,1.53,1.5314,11-06-21 4:25:31
ADA/USD,1.5293,1.5307,11-06-21 4:25:21
ADA/USD,1.5288,1.5301,11-06-21 4:25:11
ADA/USD,1.5281,1.5295,11-06-21 4:25:01
ADA/USD,1.5281,1.5291,11-06-21 4:24:51
ADA/USD,1.5281,1.5292,11-06-21 4:24:41
ADA/USD,1.5281,1.5295,11-06-21 4:24:31
ADA/USD,1.5281,1.5296,11-06-21 4:24:21
ADA/USD,1.5273,1.5288,11-06-21 4:24:11
ADA/USD,1.5282,1.5296,11-06-21 4:24:01
ADA/USD,1.5287,1.5299,11-06-21 4:23:51
ADA/USD,1.5289,1.5303,11-06-21 4:23:41
ADA/USD,1.5289,1.5301,11-06-21 4:23:31
ADA/USD,1.5288,1.5303,11-06-21 4:23:21
ADA/USD,1.5285,1.5302,11-06-21 4:23:11
ADA/USD,1.528,1.5294,11-06-21 4:23:00
ADA/USD,1.528,1.5295,11-06-21 4:22:51
ADA/USD,1.5281,1.5296,11-06-21 4:22:41
ADA/USD,1.5293,1.5307,11-06-21 4:22:31
ADA/USD,1.5299,1.5311,11-06-21 4:22:20
ADA/USD,1.5303,1.5317,11-06-21 4:22:11
ADA/USD,1.5303,1.5318,11-06-21 4:22:01
ADA/USD,1.5296,1.5311,11-06-21 4:21:51
ADA/USD,1.5304,1.5319,11-06-21 4:21:41
ADA/USD,1.5304,1.5319,11-06-21 4:21:31
ADA/USD,1.53,1.5317,11-06-21 4:21:21
ADA/USD,1.5295,1.5313,11-06-21 4:21:11
ADA/USD,1.5298,1.5313,11-06-21 4:21:01
ADA/USD,1.5311,1.5326,11-06-21 4:20:51
ADA/USD,1.5302,1.5315,11-06-21 4:20:41
ADA/USD,1.531,1.5322,11-06-21 4:20:31
ADA/USD,1.5312,1.5326,11-06-21 4:20:21
ADA/USD,1.5325,1.5338,11-06-21 4:20:11
ADA/USD,1.5334,1.5345,11-06-21 4:20:01
ADA/USD,1.5332,1.5343,11-06-21 4:19:51
ADA/USD,1.5334,1.5348,11-06-21 4:19:41
ADA/USD,1.5334,1.5347,11-06-21 4:19:31
ADA/USD,1.5336,1.5349,11-06-21 4:19:21
ADA/USD,1.5334,1.5348,11-06-21 4:19:11
ADA/USD,1.5335,1.5348,11-06-21 4:19:01
