PAIR,BID,ASK,TIME
ETH/USD,2460,2460.4,11-06-21 11:38:00
ETH/USD,2460,2460.4,11-06-21 11:37:50
ETH/USD,2460.5,2461.1,11-06-21 11:37:40
ETH/USD,2461,2461.6,11-06-21 11:37:30
ETH/USD,2461,2461.3,11-06-21 11:37:20
ETH/USD,2461.2,2461.5,11-06-21 11:37:10
ETH/USD,2460.7,2461.4,11-06-21 11:37:00
ETH/USD,2461.2,2461.5,11-06-21 11:36:50
ETH/USD,2461.1,2461.5,11-06-21 11:36:40
ETH/USD,2461.2,2461.5,11-06-21 11:36:30
ETH/USD,2460.3,2460.9,11-06-21 11:36:20
ETH/USD,2460,2460.9,11-06-21 11:36:10
ETH/USD,2461.2,2461.6,11-06-21 11:36:00
ETH/USD,2460.9,2461.6,11-06-21 11:35:50
ETH/USD,2461.2,2461.6,11-06-21 11:35:40
ETH/USD,2460.3,2461.2,11-06-21 11:35:30
ETH/USD,2460.8,2461.5,11-06-21 11:35:20
ETH/USD,2460.7,2461.4,11-06-21 11:35:10
ETH/USD,2457.3,2457.7,11-06-21 11:35:00
ETH/USD,2458.7,2459.7,11-06-21 11:34:50
ETH/USD,2460.9,2461.7,11-06-21 11:34:40
ETH/USD,2461.5,2461.8,11-06-21 11:34:30
ETH/USD,2461.4,2461.7,11-06-21 11:34:20
ETH/USD,2460.8,2461.3,11-06-21 11:34:10
ETH/USD,2460.5,2461.1,11-06-21 11:34:00
ETH/USD,2459.4,2460.1,11-06-21 11:33:50
ETH/USD,2459.3,2459.5,11-06-21 11:33:40
ETH/USD,2458.9,2459.7,11-06-21 11:33:30
ETH/USD,2457.6,2458,11-06-21 11:33:20
ETH/USD,2457.4,2458.3,11-06-21 11:33:10
ETH/USD,2457.5,2458.7,11-06-21 11:33:00
ETH/USD,2457,2457.7,11-06-21 11:32:50
ETH/USD,2457.5,2458.5,11-06-21 11:32:40
ETH/USD,2459.7,2461.4,11-06-21 11:32:30
ETH/USD,2463.9,2464.9,11-06-21 11:32:20
ETH/USD,2462.7,2463.4,11-06-21 11:32:10
ETH/USD,2462.5,2463.2,11-06-21 11:32:00
ETH/USD,2462.1,2463,11-06-21 11:31:50
ETH/USD,2461.4,2462.3,11-06-21 11:31:40
ETH/USD,2462,2462.8,11-06-21 11:31:30
ETH/USD,2461.6,2462.6,11-06-21 11:31:20
ETH/USD,2463.5,2464.5,11-06-21 11:31:10
ETH/USD,2464.9,2465.8,11-06-21 11:31:00
ETH/USD,2468.1,2469.3,11-06-21 11:30:50
ETH/USD,2467.5,2468.4,11-06-21 11:30:40
ETH/USD,2466.6,2467.1,11-06-21 11:30:30
ETH/USD,2465.6,2465.9,11-06-21 11:30:20
ETH/USD,2464.3,2464.7,11-06-21 11:30:10
ETH/USD,2463.3,2464.5,11-06-21 11:30:00
ETH/USD,2463,2463.7,11-06-21 11:29:50
ETH/USD,2463.4,2464.1,11-06-21 11:29:40
ETH/USD,2465.4,2465.8,11-06-21 11:29:30
ETH/USD,2463.4,2464.3,11-06-21 11:29:20
ETH/USD,2462.7,2463.6,11-06-21 11:29:10
ETH/USD,2462.8,2463.7,11-06-21 11:29:00
ETH/USD,2461.6,2462.6,11-06-21 11:28:50
ETH/USD,2461.7,2462.5,11-06-21 11:28:40
ETH/USD,2463.4,2464.1,11-06-21 11:28:30
ETH/USD,2463.5,2463.7,11-06-21 11:28:20
ETH/USD,2463.1,2463.7,11-06-21 11:28:10
ETH/USD,2462.8,2463.5,11-06-21 11:28:00
ETH/USD,2462.1,2462.6,11-06-21 11:27:50
ETH/USD,2461.6,2462.6,11-06-21 11:27:40
ETH/USD,2460.1,2460.9,11-06-21 11:27:30
ETH/USD,2460.5,2461.7,11-06-21 11:27:20
ETH/USD,2461.5,2461.9,11-06-21 11:27:10
ETH/USD,2460.9,2461.9,11-06-21 11:27:00
ETH/USD,2461.2,2462,11-06-21 11:26:50
ETH/USD,2461.3,2462.4,11-06-21 11:26:40
ETH/USD,2461.1,2462.2,11-06-21 11:26:30
ETH/USD,2461.4,2462.7,11-06-21 11:26:20
ETH/USD,2460.9,2461.9,11-06-21 11:26:10
ETH/USD,2458.6,2459.7,11-06-21 11:26:00
ETH/USD,2457.6,2458.7,11-06-21 11:25:50
ETH/USD,2460,2460.1,11-06-21 11:25:40
ETH/USD,2461.3,2462,11-06-21 11:25:30
ETH/USD,2462.3,2463.1,11-06-21 11:25:20
ETH/USD,2461.7,2462.5,11-06-21 11:25:10
ETH/USD,2460.5,2461.3,11-06-21 11:25:00
ETH/USD,2461,2462.7,11-06-21 11:24:50
ETH/USD,2460,2461.4,11-06-21 11:24:40
ETH/USD,2459.3,2460.6,11-06-21 11:24:30
ETH/USD,2460.5,2461.7,11-06-21 11:24:20
ETH/USD,2463.4,2464.2,11-06-21 11:24:10
ETH/USD,2465.6,2465.9,11-06-21 11:24:00
ETH/USD,2464.9,2465.3,11-06-21 11:23:50
ETH/USD,2465.5,2465.8,11-06-21 11:23:40
ETH/USD,2466,2466.1,11-06-21 11:23:30
ETH/USD,2464.5,2464.7,11-06-21 11:23:20
ETH/USD,2464.3,2464.7,11-06-21 11:23:10
ETH/USD,2464.6,2465,11-06-21 11:23:00
ETH/USD,2464.4,2465,11-06-21 11:22:50
ETH/USD,2464.9,2465.5,11-06-21 11:22:40
ETH/USD,2465.2,2466.2,11-06-21 11:22:30
ETH/USD,2465.3,2466.6,11-06-21 11:22:20
ETH/USD,2463.4,2464.2,11-06-21 11:22:10
ETH/USD,2462.6,2463.2,11-06-21 11:22:00
ETH/USD,2462.9,2463,11-06-21 11:21:50
ETH/USD,2463.2,2464.1,11-06-21 11:21:40
ETH/USD,2462.8,2463.7,11-06-21 11:21:30
ETH/USD,2463,2463.9,11-06-21 11:21:20
ETH/USD,2465.3,2466.5,11-06-21 11:21:10
ETH/USD,2465.8,2467.2,11-06-21 11:21:00
ETH/USD,2464.7,2465.7,11-06-21 11:20:50
ETH/USD,2464.8,2465.8,11-06-21 11:20:40
ETH/USD,2464,2464.9,11-06-21 11:20:30
ETH/USD,2466.6,2467.5,11-06-21 11:20:20
ETH/USD,2464.4,2465.1,11-06-21 11:20:10
ETH/USD,2462.5,2462.6,11-06-21 11:20:00
ETH/USD,2460.8,2461.6,11-06-21 11:19:50
ETH/USD,2460.9,2461.9,11-06-21 11:19:40
ETH/USD,2463.5,2464.1,11-06-21 11:19:30
ETH/USD,2462.4,2463.5,11-06-21 11:19:20
ETH/USD,2463.5,2464.9,11-06-21 11:19:10
ETH/USD,2461.8,2462.3,11-06-21 11:19:00
ETH/USD,2463.6,2464.6,11-06-21 11:18:50
ETH/USD,2466.6,2467.5,11-06-21 11:18:40
ETH/USD,2467.3,2467.8,11-06-21 11:18:30
ETH/USD,2465.3,2467.1,11-06-21 11:18:20
ETH/USD,2470.6,2471.5,11-06-21 11:18:10
ETH/USD,2473.3,2474,11-06-21 11:18:00
ETH/USD,2473.2,2474.3,11-06-21 11:17:50
ETH/USD,2475.7,2476.6,11-06-21 11:17:40
ETH/USD,2474.5,2475.5,11-06-21 11:17:30
ETH/USD,2475.6,2476.3,11-06-21 11:17:20
ETH/USD,2474.1,2474.6,11-06-21 11:17:10
ETH/USD,2472.8,2473.5,11-06-21 11:17:00
ETH/USD,2472.2,2472.8,11-06-21 11:16:50
ETH/USD,2473.1,2473.7,11-06-21 11:16:40
ETH/USD,2472.8,2473.9,11-06-21 11:16:30
ETH/USD,2472.8,2473.7,11-06-21 11:16:20
ETH/USD,2472.9,2473.5,11-06-21 11:16:10
ETH/USD,2472.4,2473,11-06-21 11:16:00
ETH/USD,2472.7,2473.8,11-06-21 11:15:50
ETH/USD,2473.2,2474.2,11-06-21 11:15:40
ETH/USD,2472.7,2473.4,11-06-21 11:15:30
ETH/USD,2471.6,2472.8,11-06-21 11:15:20
ETH/USD,2470.4,2470.9,11-06-21 11:15:10
ETH/USD,2471,2471.6,11-06-21 11:15:00
ETH/USD,2470.5,2471.5,11-06-21 11:14:50
ETH/USD,2469.7,2470.9,11-06-21 11:14:40
ETH/USD,2470.3,2471.5,11-06-21 11:14:30
ETH/USD,2468.5,2468.9,11-06-21 11:14:20
ETH/USD,2468.5,2469,11-06-21 11:14:10
ETH/USD,2469.4,2470,11-06-21 11:14:00
ETH/USD,2468,2469,11-06-21 11:13:50
ETH/USD,2466.6,2467.8,11-06-21 11:13:40
ETH/USD,2464.6,2465.8,11-06-21 11:13:30
ETH/USD,2464.1,2465.1,11-06-21 11:13:20
ETH/USD,2466.5,2467.4,11-06-21 11:13:10
ETH/USD,2465.3,2466,11-06-21 11:13:00
ETH/USD,2464.7,2465.4,11-06-21 11:12:50
ETH/USD,2463.9,2465.3,11-06-21 11:12:40
ETH/USD,2466,2466.1,11-06-21 11:12:30
ETH/USD,2466,2466.2,11-06-21 11:12:20
ETH/USD,2467,2467.2,11-06-21 11:12:10
ETH/USD,2469.6,2470.2,11-06-21 11:12:00
ETH/USD,2470.8,2471.4,11-06-21 11:11:50
ETH/USD,2470.9,2471.8,11-06-21 11:11:40
ETH/USD,2471.1,2471.8,11-06-21 11:11:30
ETH/USD,2470.2,2470.8,11-06-21 11:11:20
ETH/USD,2469.7,2471,11-06-21 11:11:10
ETH/USD,2471.3,2471.4,11-06-21 11:11:00
ETH/USD,2470.5,2470.9,11-06-21 11:10:50
ETH/USD,2470.4,2470.8,11-06-21 11:10:40
ETH/USD,2469.3,2469.9,11-06-21 11:10:30
ETH/USD,2469.1,2469.9,11-06-21 11:10:20
ETH/USD,2468.8,2469.6,11-06-21 11:10:10
ETH/USD,2467.5,2468.3,11-06-21 11:10:00
ETH/USD,2466.7,2467.5,11-06-21 11:09:50
ETH/USD,2467.6,2468.6,11-06-21 11:09:40
ETH/USD,2467.7,2468.6,11-06-21 11:09:30
ETH/USD,2468.3,2469.1,11-06-21 11:09:20
ETH/USD,2468.5,2469.9,11-06-21 11:09:10
ETH/USD,2468,2469,11-06-21 11:09:00
ETH/USD,2466.9,2468.8,11-06-21 11:08:50
ETH/USD,2468,2468.9,11-06-21 11:08:40
ETH/USD,2467.6,2468.2,11-06-21 11:08:30
ETH/USD,2468.5,2469.3,11-06-21 11:08:20
ETH/USD,2469,2469.6,11-06-21 11:08:10
ETH/USD,2468.8,2469.6,11-06-21 11:08:00
ETH/USD,2470.5,2471.1,11-06-21 11:07:50
ETH/USD,2469.7,2470.5,11-06-21 11:07:40
ETH/USD,2469.6,2470.7,11-06-21 11:07:30
ETH/USD,2469.6,2470.4,11-06-21 11:07:20
ETH/USD,2471,2471.4,11-06-21 11:07:10
ETH/USD,2470.8,2471.4,11-06-21 11:07:00
ETH/USD,2471,2471.5,11-06-21 11:06:50
ETH/USD,2471.9,2472.4,11-06-21 11:06:40
ETH/USD,2471.9,2472.6,11-06-21 11:06:30
ETH/USD,2471,2471.9,11-06-21 11:06:20
ETH/USD,2471.2,2472,11-06-21 11:06:10
ETH/USD,2470.7,2471.3,11-06-21 11:06:00
ETH/USD,2471.3,2471.7,11-06-21 11:05:50
ETH/USD,2471.6,2472.2,11-06-21 11:05:40
ETH/USD,2472,2472.9,11-06-21 11:05:30
ETH/USD,2471.5,2472.5,11-06-21 11:05:20
ETH/USD,2471.4,2471.9,11-06-21 11:05:10
ETH/USD,2471.3,2471.8,11-06-21 11:05:00
ETH/USD,2471.3,2472.2,11-06-21 11:04:50
ETH/USD,2472.3,2472.8,11-06-21 11:04:40
ETH/USD,2472,2472.9,11-06-21 11:04:30
ETH/USD,2471.6,2472.5,11-06-21 11:04:20
ETH/USD,2472.8,2473.9,11-06-21 11:04:10
ETH/USD,2473,2474.2,11-06-21 11:04:00
ETH/USD,2471.8,2472.6,11-06-21 11:03:50
ETH/USD,2473.1,2473.9,11-06-21 11:03:40
ETH/USD,2472.7,2473.5,11-06-21 11:03:30
ETH/USD,2471.5,2472.3,11-06-21 11:03:20
ETH/USD,2471.9,2472.5,11-06-21 11:03:10
ETH/USD,2472,2472.4,11-06-21 11:03:00
ETH/USD,2472,2472.4,11-06-21 11:02:50
ETH/USD,2472.2,2472.6,11-06-21 11:02:40
ETH/USD,2471.5,2472.2,11-06-21 11:02:30
ETH/USD,2471.3,2471.9,11-06-21 11:02:20
ETH/USD,2471.7,2471.8,11-06-21 11:02:10
ETH/USD,2473.7,2474.2,11-06-21 11:02:00
ETH/USD,2470.5,2471.6,11-06-21 11:01:50
ETH/USD,2471,2472,11-06-21 11:01:40
ETH/USD,2471.4,2472.5,11-06-21 11:01:30
ETH/USD,2472.4,2473.6,11-06-21 11:01:20
ETH/USD,2474.8,2475.8,11-06-21 11:01:10
ETH/USD,2475.8,2476.9,11-06-21 11:01:00
ETH/USD,2477.4,2478.2,11-06-21 11:00:50
ETH/USD,2477,2478,11-06-21 11:00:40
ETH/USD,2476.8,2477.7,11-06-21 11:00:30
ETH/USD,2476.4,2477.8,11-06-21 11:00:20
ETH/USD,2475.6,2477.2,11-06-21 11:00:10
ETH/USD,2473.1,2474.2,11-06-21 11:00:00
ETH/USD,2473.6,2474.2,11-06-21 10:59:50
ETH/USD,2473.9,2475,11-06-21 10:59:40
ETH/USD,2474.9,2475.9,11-06-21 10:59:30
ETH/USD,2474.2,2475,11-06-21 10:59:20
ETH/USD,2473.5,2473.6,11-06-21 10:59:10
ETH/USD,2472.5,2473.5,11-06-21 10:59:00
ETH/USD,2474.2,2475,11-06-21 10:58:50
ETH/USD,2474.3,2474.9,11-06-21 10:58:40
ETH/USD,2473.8,2474.4,11-06-21 10:58:30
ETH/USD,2473.9,2474.4,11-06-21 10:58:20
ETH/USD,2473.7,2474,11-06-21 10:58:10
ETH/USD,2472.3,2472.6,11-06-21 10:58:00
ETH/USD,2472.3,2472.8,11-06-21 10:57:50
ETH/USD,2472,2472.7,11-06-21 10:57:40
ETH/USD,2472.1,2472.9,11-06-21 10:57:30
ETH/USD,2471,2471.6,11-06-21 10:57:20
ETH/USD,2470.3,2471.2,11-06-21 10:57:10
ETH/USD,2470.9,2471.6,11-06-21 10:57:00
ETH/USD,2471,2471.8,11-06-21 10:56:50
ETH/USD,2470.8,2471.7,11-06-21 10:56:40
ETH/USD,2470.9,2472,11-06-21 10:56:30
ETH/USD,2471.3,2472.3,11-06-21 10:56:20
ETH/USD,2472.6,2473.8,11-06-21 10:56:10
ETH/USD,2473.3,2474.1,11-06-21 10:56:00
ETH/USD,2473.7,2473.8,11-06-21 10:55:50
ETH/USD,2473.1,2473.6,11-06-21 10:55:40
ETH/USD,2473.8,2474.5,11-06-21 10:55:30
ETH/USD,2474.6,2474.7,11-06-21 10:55:20
ETH/USD,2474.2,2474.9,11-06-21 10:55:10
ETH/USD,2471.8,2472.4,11-06-21 10:55:00
ETH/USD,2472.9,2473.1,11-06-21 10:54:50
ETH/USD,2472.9,2473.8,11-06-21 10:54:40
ETH/USD,2472.9,2474,11-06-21 10:54:30
ETH/USD,2473.2,2474.4,11-06-21 10:54:20
ETH/USD,2471.7,2472.7,11-06-21 10:54:10
ETH/USD,2470.8,2471.3,11-06-21 10:54:00
ETH/USD,2472.5,2472.6,11-06-21 10:53:50
ETH/USD,2472.5,2472.9,11-06-21 10:53:40
ETH/USD,2472.5,2473,11-06-21 10:53:30
ETH/USD,2472.5,2472.8,11-06-21 10:53:20
ETH/USD,2473,2473.6,11-06-21 10:53:10
ETH/USD,2472.1,2472.9,11-06-21 10:53:00
ETH/USD,2472.8,2473.2,11-06-21 10:52:50
ETH/USD,2472.6,2472.9,11-06-21 10:52:40
ETH/USD,2471.5,2472.6,11-06-21 10:52:30
ETH/USD,2470.4,2470.8,11-06-21 10:52:20
ETH/USD,2469.9,2470.7,11-06-21 10:52:10
ETH/USD,2470.6,2470.8,11-06-21 10:52:00
ETH/USD,2470.6,2470.8,11-06-21 10:51:50
ETH/USD,2471,2471.7,11-06-21 10:51:40
ETH/USD,2471,2471.9,11-06-21 10:51:30
ETH/USD,2471,2472.3,11-06-21 10:51:20
ETH/USD,2469.2,2470.4,11-06-21 10:51:10
ETH/USD,2467.3,2468.2,11-06-21 10:51:00
ETH/USD,2468.2,2468.5,11-06-21 10:50:50
ETH/USD,2468.2,2468.3,11-06-21 10:50:40
ETH/USD,2469.2,2469.3,11-06-21 10:50:30
ETH/USD,2469.2,2469.4,11-06-21 10:50:20
ETH/USD,2470,2470.4,11-06-21 10:50:10
ETH/USD,2470.7,2471.4,11-06-21 10:50:00
ETH/USD,2470.1,2470.8,11-06-21 10:49:50
ETH/USD,2471.2,2471.9,11-06-21 10:49:40
ETH/USD,2470.7,2472,11-06-21 10:49:30
ETH/USD,2470.8,2471.5,11-06-21 10:49:20
ETH/USD,2470.4,2471.2,11-06-21 10:49:10
ETH/USD,2470.4,2471.3,11-06-21 10:49:00
ETH/USD,2471.9,2472.9,11-06-21 10:48:50
ETH/USD,2471.9,2472.9,11-06-21 10:48:40
ETH/USD,2473.1,2473.8,11-06-21 10:48:30
ETH/USD,2473,2473.6,11-06-21 10:48:20
ETH/USD,2473.3,2473.8,11-06-21 10:48:10
ETH/USD,2472.8,2473.1,11-06-21 10:48:00
ETH/USD,2473,2474.1,11-06-21 10:47:50
ETH/USD,2473.3,2473.7,11-06-21 10:47:40
ETH/USD,2473.9,2475,11-06-21 10:47:30
ETH/USD,2473.3,2473.5,11-06-21 10:47:20
ETH/USD,2473.8,2474.7,11-06-21 10:47:10
ETH/USD,2473.9,2475,11-06-21 10:47:00
ETH/USD,2473.8,2474.4,11-06-21 10:46:50
ETH/USD,2474.1,2475.4,11-06-21 10:46:40
ETH/USD,2475.5,2476.2,11-06-21 10:46:30
ETH/USD,2474.6,2475.7,11-06-21 10:46:20
ETH/USD,2475.4,2476.1,11-06-21 10:46:10
ETH/USD,2476.4,2477.2,11-06-21 10:46:00
ETH/USD,2477.2,2478.3,11-06-21 10:45:50
ETH/USD,2479.4,2479.7,11-06-21 10:45:40
ETH/USD,2478.9,2480.1,11-06-21 10:45:30
ETH/USD,2480.8,2481,11-06-21 10:45:20
ETH/USD,2483.7,2485.2,11-06-21 10:45:10
ETH/USD,2484.3,2485.3,11-06-21 10:45:00
ETH/USD,2479.2,2480,11-06-21 10:44:50
ETH/USD,2479.3,2480,11-06-21 10:44:40
ETH/USD,2479.6,2480.3,11-06-21 10:44:30
ETH/USD,2480.1,2480.9,11-06-21 10:44:20
ETH/USD,2482.1,2482.7,11-06-21 10:44:10
ETH/USD,2480.4,2481.1,11-06-21 10:44:00
ETH/USD,2480.4,2480.9,11-06-21 10:43:50
ETH/USD,2480.3,2481,11-06-21 10:43:40
ETH/USD,2479.8,2480.1,11-06-21 10:43:30
ETH/USD,2479.2,2480,11-06-21 10:43:20
ETH/USD,2479.1,2479.7,11-06-21 10:43:10
ETH/USD,2479.6,2480.3,11-06-21 10:43:00
ETH/USD,2480.5,2481.2,11-06-21 10:42:50
ETH/USD,2479.9,2480.8,11-06-21 10:42:40
ETH/USD,2481.9,2483,11-06-21 10:42:30
ETH/USD,2482.9,2483.2,11-06-21 10:42:20
ETH/USD,2482.9,2483.4,11-06-21 10:42:10
ETH/USD,2482.4,2483.4,11-06-21 10:42:00
ETH/USD,2481.6,2482.3,11-06-21 10:41:50
ETH/USD,2482.6,2483.4,11-06-21 10:41:40
ETH/USD,2482.7,2482.8,11-06-21 10:41:30
ETH/USD,2482.6,2482.8,11-06-21 10:41:20
ETH/USD,2485.4,2486.4,11-06-21 10:41:10
ETH/USD,2480.6,2481.9,11-06-21 10:41:00
ETH/USD,2479.9,2480.6,11-06-21 10:40:50
ETH/USD,2480.9,2481.8,11-06-21 10:40:40
ETH/USD,2477.9,2478.3,11-06-21 10:40:30
ETH/USD,2476.9,2478,11-06-21 10:40:20
ETH/USD,2477.7,2478.3,11-06-21 10:40:10
ETH/USD,2479.2,2480,11-06-21 10:40:00
ETH/USD,2479.3,2480.1,11-06-21 10:39:50
ETH/USD,2480.7,2481.3,11-06-21 10:39:40
ETH/USD,2479.8,2479.9,11-06-21 10:39:30
ETH/USD,2478.8,2479.9,11-06-21 10:39:20
ETH/USD,2478.6,2479.3,11-06-21 10:39:10
ETH/USD,2477.5,2478.1,11-06-21 10:39:00
ETH/USD,2477.7,2478.7,11-06-21 10:38:50
ETH/USD,2477.7,2478.7,11-06-21 10:38:40
ETH/USD,2476.7,2477.5,11-06-21 10:38:30
ETH/USD,2478.5,2479.2,11-06-21 10:38:20
ETH/USD,2478.4,2478.9,11-06-21 10:38:10
ETH/USD,2479.5,2479.9,11-06-21 10:38:00
ETH/USD,2478.8,2479.2,11-06-21 10:37:50
ETH/USD,2478.6,2479.2,11-06-21 10:37:40
ETH/USD,2478.6,2479.2,11-06-21 10:37:30
ETH/USD,2477.7,2478.4,11-06-21 10:37:20
ETH/USD,2476.1,2476.5,11-06-21 10:37:10
ETH/USD,2477.1,2477.3,11-06-21 10:37:00
ETH/USD,2477.1,2477.2,11-06-21 10:36:50
ETH/USD,2477.1,2477.4,11-06-21 10:36:40
ETH/USD,2476.4,2477.5,11-06-21 10:36:30
ETH/USD,2475.9,2476,11-06-21 10:36:20
ETH/USD,2474.9,2475.7,11-06-21 10:36:10
ETH/USD,2474.5,2475.1,11-06-21 10:36:00
ETH/USD,2474.5,2475.1,11-06-21 10:35:50
ETH/USD,2473.4,2473.6,11-06-21 10:35:40
ETH/USD,2473.4,2473.7,11-06-21 10:35:30
ETH/USD,2473.4,2474.1,11-06-21 10:35:20
ETH/USD,2472.9,2473.6,11-06-21 10:35:10
ETH/USD,2473.9,2474.6,11-06-21 10:35:00
ETH/USD,2473.6,2474.4,11-06-21 10:34:50
ETH/USD,2473.2,2473.9,11-06-21 10:34:40
ETH/USD,2472.1,2473.1,11-06-21 10:34:30
ETH/USD,2473.2,2473.9,11-06-21 10:34:20
ETH/USD,2472.2,2473.2,11-06-21 10:34:10
ETH/USD,2473.7,2474.6,11-06-21 10:34:00
ETH/USD,2473.9,2474.7,11-06-21 10:33:50
ETH/USD,2474.8,2474.9,11-06-21 10:33:40
ETH/USD,2474.3,2475,11-06-21 10:33:30
ETH/USD,2473.6,2474.3,11-06-21 10:33:20
ETH/USD,2473.6,2474.3,11-06-21 10:33:10
ETH/USD,2473.2,2474,11-06-21 10:33:00
ETH/USD,2473.8,2474.9,11-06-21 10:32:50
ETH/USD,2473.5,2474.3,11-06-21 10:32:40
ETH/USD,2474.6,2475.9,11-06-21 10:32:30
ETH/USD,2470.8,2471.6,11-06-21 10:32:20
ETH/USD,2469.9,2471,11-06-21 10:32:10
ETH/USD,2469.4,2469.6,11-06-21 10:32:00
ETH/USD,2469.1,2469.9,11-06-21 10:31:50
ETH/USD,2468.9,2469.9,11-06-21 10:31:40
ETH/USD,2469.4,2469.9,11-06-21 10:31:30
ETH/USD,2469.6,2470.5,11-06-21 10:31:20
ETH/USD,2469.4,2470.1,11-06-21 10:31:10
ETH/USD,2468.3,2469.2,11-06-21 10:31:00
ETH/USD,2469.7,2470.4,11-06-21 10:30:50
ETH/USD,2469.1,2469.6,11-06-21 10:30:40
ETH/USD,2470,2470.1,11-06-21 10:30:30
ETH/USD,2470.5,2471.6,11-06-21 10:30:20
ETH/USD,2472.4,2472.9,11-06-21 10:30:10
ETH/USD,2471.5,2472.3,11-06-21 10:30:00
ETH/USD,2471.4,2471.5,11-06-21 10:29:50
ETH/USD,2471.5,2472.4,11-06-21 10:29:40
ETH/USD,2470.7,2471.5,11-06-21 10:29:30
ETH/USD,2472.7,2473.5,11-06-21 10:29:20
ETH/USD,2472.3,2472.6,11-06-21 10:29:10
ETH/USD,2472.3,2472.6,11-06-21 10:29:00
ETH/USD,2472.4,2473.2,11-06-21 10:28:50
ETH/USD,2472.3,2472.8,11-06-21 10:28:40
ETH/USD,2472.7,2473.5,11-06-21 10:28:30
ETH/USD,2471.9,2472.7,11-06-21 10:28:20
ETH/USD,2470.6,2471.4,11-06-21 10:28:10
ETH/USD,2470.7,2471.4,11-06-21 10:28:00
ETH/USD,2470.6,2471.5,11-06-21 10:27:50
ETH/USD,2471,2471.7,11-06-21 10:27:40
ETH/USD,2471,2472.1,11-06-21 10:27:30
ETH/USD,2472.6,2473.3,11-06-21 10:27:20
ETH/USD,2471.8,2472.7,11-06-21 10:27:10
ETH/USD,2471.5,2472.4,11-06-21 10:27:00
ETH/USD,2472.2,2472.9,11-06-21 10:26:50
ETH/USD,2473.2,2473.9,11-06-21 10:26:40
ETH/USD,2473.1,2473.2,11-06-21 10:26:30
ETH/USD,2473.1,2474.2,11-06-21 10:26:20
ETH/USD,2473.9,2475.1,11-06-21 10:26:10
ETH/USD,2473.9,2474.8,11-06-21 10:26:00
ETH/USD,2473.5,2474.6,11-06-21 10:25:50
ETH/USD,2473.4,2473.8,11-06-21 10:25:40
ETH/USD,2473.5,2474,11-06-21 10:25:30
ETH/USD,2473.5,2473.8,11-06-21 10:25:20
ETH/USD,2472.7,2473.6,11-06-21 10:25:10
ETH/USD,2471.8,2472.2,11-06-21 10:25:00
ETH/USD,2470.7,2471.6,11-06-21 10:24:50
ETH/USD,2470.7,2471.6,11-06-21 10:24:40
ETH/USD,2468.3,2469.2,11-06-21 10:24:30
ETH/USD,2468.4,2469.3,11-06-21 10:24:20
ETH/USD,2469.4,2470.2,11-06-21 10:24:10
ETH/USD,2470.3,2471.5,11-06-21 10:24:00
ETH/USD,2470.3,2471.1,11-06-21 10:23:50
ETH/USD,2471.3,2472.2,11-06-21 10:23:40
ETH/USD,2471.9,2472.3,11-06-21 10:23:30
ETH/USD,2471.9,2472,11-06-21 10:23:20
ETH/USD,2472.3,2473.2,11-06-21 10:23:10
ETH/USD,2471.9,2472,11-06-21 10:23:00
ETH/USD,2471.9,2472.1,11-06-21 10:22:50
ETH/USD,2472.7,2473.5,11-06-21 10:22:40
ETH/USD,2473.4,2474.2,11-06-21 10:22:30
ETH/USD,2473.5,2473.6,11-06-21 10:22:20
ETH/USD,2472.4,2473.3,11-06-21 10:22:10
ETH/USD,2472.2,2473.3,11-06-21 10:22:00
ETH/USD,2474.1,2474.2,11-06-21 10:21:50
ETH/USD,2473.8,2474.2,11-06-21 10:21:40
ETH/USD,2473.4,2474.3,11-06-21 10:21:30
ETH/USD,2473.4,2474.3,11-06-21 10:21:20
ETH/USD,2473.5,2474.3,11-06-21 10:21:10
ETH/USD,2472.2,2473.2,11-06-21 10:21:00
ETH/USD,2471.5,2472.6,11-06-21 10:20:50
ETH/USD,2470.6,2471.5,11-06-21 10:20:40
ETH/USD,2468.6,2469,11-06-21 10:20:30
ETH/USD,2469.5,2470.4,11-06-21 10:20:20
ETH/USD,2470.2,2471.1,11-06-21 10:20:10
ETH/USD,2471,2472.4,11-06-21 10:20:00
ETH/USD,2471.9,2473.4,11-06-21 10:19:50
ETH/USD,2470.2,2471.8,11-06-21 10:19:40
ETH/USD,2470.7,2471.7,11-06-21 10:19:30
ETH/USD,2469.6,2470.6,11-06-21 10:19:20
ETH/USD,2467.5,2468.4,11-06-21 10:19:10
ETH/USD,2468.9,2470.1,11-06-21 10:19:00
ETH/USD,2467.9,2469,11-06-21 10:18:50
ETH/USD,2469.8,2470.8,11-06-21 10:18:40
ETH/USD,2470.3,2471.6,11-06-21 10:18:30
ETH/USD,2466.4,2467.2,11-06-21 10:18:20
ETH/USD,2464.7,2465.9,11-06-21 10:18:10
ETH/USD,2464.7,2465.6,11-06-21 10:18:00
ETH/USD,2464.3,2465.4,11-06-21 10:17:50
ETH/USD,2461.7,2462.7,11-06-21 10:17:40
ETH/USD,2461.4,2461.8,11-06-21 10:17:30
ETH/USD,2462.7,2463.3,11-06-21 10:17:20
ETH/USD,2464.9,2465.8,11-06-21 10:17:10
ETH/USD,2464,2465.1,11-06-21 10:17:00
ETH/USD,2462.7,2463.1,11-06-21 10:16:50
ETH/USD,2463.3,2464.4,11-06-21 10:16:40
ETH/USD,2464.2,2465.1,11-06-21 10:16:30
ETH/USD,2463.3,2464.4,11-06-21 10:16:20
ETH/USD,2465.9,2466.6,11-06-21 10:16:10
ETH/USD,2465.6,2466.6,11-06-21 10:16:00
ETH/USD,2465.6,2466.6,11-06-21 10:15:50
ETH/USD,2465.5,2466.4,11-06-21 10:15:40
ETH/USD,2467.5,2468.4,11-06-21 10:15:30
ETH/USD,2471,2472.1,11-06-21 10:15:20
ETH/USD,2469.8,2470.8,11-06-21 10:15:10
ETH/USD,2468.4,2469.6,11-06-21 10:15:00
ETH/USD,2467.9,2468.6,11-06-21 10:14:50
ETH/USD,2469.2,2469.8,11-06-21 10:14:40
ETH/USD,2469,2469.6,11-06-21 10:14:30
ETH/USD,2467.9,2468.8,11-06-21 10:14:20
ETH/USD,2469.4,2470.4,11-06-21 10:14:10
ETH/USD,2467.9,2468.9,11-06-21 10:14:00
ETH/USD,2469,2469.2,11-06-21 10:13:50
ETH/USD,2469.1,2470,11-06-21 10:13:40
ETH/USD,2470.1,2471,11-06-21 10:13:30
ETH/USD,2469.8,2470.5,11-06-21 10:13:20
ETH/USD,2466.3,2467.3,11-06-21 10:13:10
ETH/USD,2467.3,2468.5,11-06-21 10:13:00
ETH/USD,2466.6,2466.8,11-06-21 10:12:50
ETH/USD,2466.6,2467.1,11-06-21 10:12:40
ETH/USD,2466.6,2467,11-06-21 10:12:30
ETH/USD,2467.4,2468.1,11-06-21 10:12:20
ETH/USD,2468.7,2469.4,11-06-21 10:12:10
ETH/USD,2469.4,2470,11-06-21 10:12:00
ETH/USD,2471,2471.7,11-06-21 10:11:50
ETH/USD,2471,2471.8,11-06-21 10:11:40
ETH/USD,2469.7,2470.5,11-06-21 10:11:30
ETH/USD,2469.9,2470.7,11-06-21 10:11:20
ETH/USD,2471.1,2471.5,11-06-21 10:11:10
ETH/USD,2473.3,2474,11-06-21 10:11:00
ETH/USD,2471.6,2472.2,11-06-21 10:10:50
ETH/USD,2468.8,2469.2,11-06-21 10:10:40
ETH/USD,2468.8,2469.3,11-06-21 10:10:30
ETH/USD,2469,2469.4,11-06-21 10:10:20
ETH/USD,2469.6,2469.7,11-06-21 10:10:10
ETH/USD,2469.7,2470.3,11-06-21 10:10:00
ETH/USD,2468.8,2469.8,11-06-21 10:09:50
ETH/USD,2468.3,2469.2,11-06-21 10:09:40
ETH/USD,2467.8,2468.9,11-06-21 10:09:30
ETH/USD,2471,2471.9,11-06-21 10:09:20
ETH/USD,2472.3,2473.2,11-06-21 10:09:10
ETH/USD,2471,2472.3,11-06-21 10:09:00
ETH/USD,2470.7,2471.8,11-06-21 10:08:50
ETH/USD,2471.9,2472.6,11-06-21 10:08:40
ETH/USD,2472.3,2473.3,11-06-21 10:08:30
ETH/USD,2471.8,2472.7,11-06-21 10:08:20
ETH/USD,2474.3,2475,11-06-21 10:08:10
ETH/USD,2471.4,2471.9,11-06-21 10:08:00
ETH/USD,2471.2,2472.3,11-06-21 10:07:50
ETH/USD,2470.4,2471.2,11-06-21 10:07:40
ETH/USD,2470.3,2471.6,11-06-21 10:07:30
ETH/USD,2471.1,2471.8,11-06-21 10:07:20
ETH/USD,2470.6,2470.8,11-06-21 10:07:10
ETH/USD,2473.5,2474.5,11-06-21 10:07:00
ETH/USD,2472.9,2473.9,11-06-21 10:06:50
ETH/USD,2472.5,2473.9,11-06-21 10:06:40
ETH/USD,2473.8,2474.5,11-06-21 10:06:30
ETH/USD,2475,2475.9,11-06-21 10:06:20
ETH/USD,2475.9,2477.5,11-06-21 10:06:10
ETH/USD,2474.7,2476,11-06-21 10:06:00
ETH/USD,2472.8,2473.5,11-06-21 10:05:50
ETH/USD,2472.4,2474,11-06-21 10:05:40
ETH/USD,2476.4,2478,11-06-21 10:05:30
ETH/USD,2474.9,2476.3,11-06-21 10:05:20
ETH/USD,2477,2478.7,11-06-21 10:05:10
ETH/USD,2476.1,2477,11-06-21 10:05:00
ETH/USD,2475.2,2475.4,11-06-21 10:04:50
ETH/USD,2475.1,2475.2,11-06-21 10:04:40
ETH/USD,2470.8,2472.3,11-06-21 10:04:30
ETH/USD,2466.1,2467.5,11-06-21 10:04:20
ETH/USD,2462.6,2463.8,11-06-21 10:04:10
ETH/USD,2459.9,2460.7,11-06-21 10:04:00
ETH/USD,2461.3,2462.1,11-06-21 10:03:50
ETH/USD,2462,2462.9,11-06-21 10:03:40
ETH/USD,2462.3,2463.2,11-06-21 10:03:30
ETH/USD,2463,2463.6,11-06-21 10:03:20
ETH/USD,2464.2,2464.9,11-06-21 10:03:10
ETH/USD,2466.1,2466.8,11-06-21 10:03:00
ETH/USD,2465.8,2466.8,11-06-21 10:02:50
ETH/USD,2466.2,2466.9,11-06-21 10:02:40
ETH/USD,2464.2,2465.1,11-06-21 10:02:30
ETH/USD,2464.8,2465.5,11-06-21 10:02:20
ETH/USD,2466.3,2467.4,11-06-21 10:02:10
ETH/USD,2466.7,2468,11-06-21 10:02:00
ETH/USD,2464.5,2465.3,11-06-21 10:01:50
ETH/USD,2464.4,2465.5,11-06-21 10:01:40
ETH/USD,2464.2,2464.9,11-06-21 10:01:30
ETH/USD,2464.5,2465.6,11-06-21 10:01:20
ETH/USD,2463.5,2464.4,11-06-21 10:01:10
ETH/USD,2461.2,2461.8,11-06-21 10:01:00
ETH/USD,2461.2,2462.2,11-06-21 10:00:50
ETH/USD,2460.4,2461.3,11-06-21 10:00:40
ETH/USD,2459.3,2460.2,11-06-21 10:00:30
ETH/USD,2460.5,2461.6,11-06-21 10:00:20
ETH/USD,2459.6,2460,11-06-21 10:00:10
ETH/USD,2456.8,2457.9,11-06-21 10:00:00
ETH/USD,2456,2456.6,11-06-21 09:59:50
ETH/USD,2455.7,2456.7,11-06-21 09:59:40
ETH/USD,2455.9,2456.9,11-06-21 09:59:30
ETH/USD,2456.1,2457,11-06-21 09:59:20
ETH/USD,2457.9,2458.7,11-06-21 09:59:10
ETH/USD,2457.7,2458.8,11-06-21 09:59:00
ETH/USD,2455.3,2456.1,11-06-21 09:58:50
ETH/USD,2457.2,2457.3,11-06-21 09:58:40
ETH/USD,2457.2,2457.7,11-06-21 09:58:30
ETH/USD,2457,2457.9,11-06-21 09:58:20
ETH/USD,2456.8,2457.9,11-06-21 09:58:10
ETH/USD,2456,2456.8,11-06-21 09:58:00
ETH/USD,2454.6,2455.3,11-06-21 09:57:50
ETH/USD,2456.1,2457.2,11-06-21 09:57:40
ETH/USD,2456.6,2456.9,11-06-21 09:57:30
ETH/USD,2453.6,2454.7,11-06-21 09:57:20
ETH/USD,2452,2453.2,11-06-21 09:57:10
ETH/USD,2451.4,2451.7,11-06-21 09:57:00
ETH/USD,2452.2,2452.5,11-06-21 09:56:50
ETH/USD,2452.2,2452.3,11-06-21 09:56:40
ETH/USD,2452.4,2453,11-06-21 09:56:30
ETH/USD,2452.5,2453.2,11-06-21 09:56:20
ETH/USD,2453.9,2454.9,11-06-21 09:56:10
ETH/USD,2455.2,2456.2,11-06-21 09:56:00
ETH/USD,2455.2,2455.8,11-06-21 09:55:50
ETH/USD,2453.7,2454.6,11-06-21 09:55:40
ETH/USD,2453.4,2454.4,11-06-21 09:55:30
ETH/USD,2453.9,2454.5,11-06-21 09:55:20
ETH/USD,2455.1,2455.9,11-06-21 09:55:10
ETH/USD,2454.3,2455,11-06-21 09:55:00
ETH/USD,2454.3,2454.9,11-06-21 09:54:50
ETH/USD,2455.4,2455.5,11-06-21 09:54:40
ETH/USD,2455.5,2456.3,11-06-21 09:54:30
ETH/USD,2455.7,2456.4,11-06-21 09:54:20
ETH/USD,2453.8,2454.3,11-06-21 09:54:10
ETH/USD,2453.6,2454.5,11-06-21 09:54:00
ETH/USD,2456.3,2456.8,11-06-21 09:53:50
ETH/USD,2456.4,2457.4,11-06-21 09:53:40
ETH/USD,2454.9,2455,11-06-21 09:53:30
ETH/USD,2454.2,2454.3,11-06-21 09:53:20
ETH/USD,2452.7,2453.6,11-06-21 09:53:10
ETH/USD,2453.5,2453.6,11-06-21 09:53:00
ETH/USD,2454.2,2454.3,11-06-21 09:52:50
ETH/USD,2454,2454.4,11-06-21 09:52:40
ETH/USD,2455,2455.9,11-06-21 09:52:30
ETH/USD,2454.6,2454.8,11-06-21 09:52:20
ETH/USD,2454.6,2454.8,11-06-21 09:52:10
ETH/USD,2454.6,2454.9,11-06-21 09:52:00
ETH/USD,2454.6,2455.5,11-06-21 09:51:50
ETH/USD,2454.7,2455.1,11-06-21 09:51:40
ETH/USD,2454.6,2454.9,11-06-21 09:51:30
ETH/USD,2454.6,2454.9,11-06-21 09:51:20
ETH/USD,2455,2455.7,11-06-21 09:51:10
ETH/USD,2455,2455.2,11-06-21 09:51:00
ETH/USD,2455.5,2456.7,11-06-21 09:50:50
ETH/USD,2456.6,2456.7,11-06-21 09:50:40
ETH/USD,2457.5,2458.5,11-06-21 09:50:30
ETH/USD,2456.6,2456.8,11-06-21 09:50:20
ETH/USD,2456.7,2457.2,11-06-21 09:50:10
ETH/USD,2456.6,2457,11-06-21 09:50:00
ETH/USD,2456.3,2457.3,11-06-21 09:49:50
ETH/USD,2457.2,2458.2,11-06-21 09:49:40
ETH/USD,2456.8,2457.8,11-06-21 09:49:30
ETH/USD,2456.6,2456.8,11-06-21 09:49:20
ETH/USD,2457.1,2458.1,11-06-21 09:49:10
ETH/USD,2457,2457.5,11-06-21 09:49:00
ETH/USD,2458.1,2459.2,11-06-21 09:48:50
ETH/USD,2457.9,2458.3,11-06-21 09:48:40
ETH/USD,2457.1,2457.9,11-06-21 09:48:30
ETH/USD,2457.4,2457.5,11-06-21 09:48:20
ETH/USD,2457.8,2458.7,11-06-21 09:48:10
ETH/USD,2460.3,2461.1,11-06-21 09:48:00
ETH/USD,2460.3,2460.6,11-06-21 09:47:50
ETH/USD,2459.3,2459.6,11-06-21 09:47:40
ETH/USD,2459.2,2459.6,11-06-21 09:47:30
ETH/USD,2458.9,2459.8,11-06-21 09:47:20
ETH/USD,2458.4,2458.9,11-06-21 09:47:10
ETH/USD,2458.3,2458.5,11-06-21 09:47:00
ETH/USD,2458.3,2458.7,11-06-21 09:46:50
ETH/USD,2460.4,2460.5,11-06-21 09:46:40
ETH/USD,2461.3,2462.1,11-06-21 09:46:30
ETH/USD,2462.2,2463,11-06-21 09:46:20
ETH/USD,2461.9,2462.8,11-06-21 09:46:10
ETH/USD,2461.2,2462.3,11-06-21 09:46:00
ETH/USD,2461.1,2462,11-06-21 09:45:50
ETH/USD,2462.5,2462.8,11-06-21 09:45:40
ETH/USD,2461.5,2462.5,11-06-21 09:45:30
ETH/USD,2461.4,2462.2,11-06-21 09:45:20
ETH/USD,2463.8,2465,11-06-21 09:45:10
ETH/USD,2464.3,2465.2,11-06-21 09:45:00
ETH/USD,2463.5,2464.6,11-06-21 09:44:50
ETH/USD,2463.6,2464.1,11-06-21 09:44:40
ETH/USD,2464.1,2464.2,11-06-21 09:44:30
ETH/USD,2465.1,2465.5,11-06-21 09:44:20
ETH/USD,2465.1,2465.4,11-06-21 09:44:10
ETH/USD,2465.3,2465.8,11-06-21 09:44:00
ETH/USD,2465.5,2466.4,11-06-21 09:43:50
ETH/USD,2465.5,2466.5,11-06-21 09:43:40
ETH/USD,2467.5,2467.7,11-06-21 09:43:30
ETH/USD,2467.5,2468.3,11-06-21 09:43:20
ETH/USD,2465.2,2466.3,11-06-21 09:43:10
ETH/USD,2464.6,2465.2,11-06-21 09:43:00
ETH/USD,2464.9,2465.4,11-06-21 09:42:50
ETH/USD,2465.2,2465.6,11-06-21 09:42:40
ETH/USD,2463,2463.2,11-06-21 09:42:30
ETH/USD,2462.1,2462.6,11-06-21 09:42:20
ETH/USD,2464.1,2465.1,11-06-21 09:42:10
ETH/USD,2464.9,2465.7,11-06-21 09:42:00
ETH/USD,2465.7,2466.6,11-06-21 09:41:50
ETH/USD,2466,2466.1,11-06-21 09:41:40
ETH/USD,2466,2466.1,11-06-21 09:41:30
ETH/USD,2466,2466.6,11-06-21 09:41:20
ETH/USD,2467.1,2467.9,11-06-21 09:41:10
ETH/USD,2467.4,2468,11-06-21 09:41:00
ETH/USD,2467.3,2468.2,11-06-21 09:40:50
ETH/USD,2468.1,2468.7,11-06-21 09:40:40
ETH/USD,2467.9,2468.9,11-06-21 09:40:30
ETH/USD,2466.4,2466.9,11-06-21 09:40:20
ETH/USD,2465.3,2466.6,11-06-21 09:40:10
ETH/USD,2464.4,2465.5,11-06-21 09:40:00
ETH/USD,2464.5,2465.7,11-06-21 09:39:50
ETH/USD,2466,2466.7,11-06-21 09:39:40
ETH/USD,2466,2466.5,11-06-21 09:39:30
ETH/USD,2466.4,2467.3,11-06-21 09:39:20
ETH/USD,2464.8,2465.7,11-06-21 09:39:10
ETH/USD,2463.2,2464.2,11-06-21 09:39:00
ETH/USD,2464.2,2465.2,11-06-21 09:38:50
ETH/USD,2465.8,2466.1,11-06-21 09:38:40
ETH/USD,2465.8,2466.7,11-06-21 09:38:30
ETH/USD,2465.6,2466.5,11-06-21 09:38:20
ETH/USD,2465.5,2466.9,11-06-21 09:38:10
ETH/USD,2463.1,2463.9,11-06-21 09:38:00
ETH/USD,2463,2464.2,11-06-21 09:37:50
ETH/USD,2464.3,2465.5,11-06-21 09:37:40
ETH/USD,2464.7,2465.8,11-06-21 09:37:30
ETH/USD,2467.1,2467.9,11-06-21 09:37:20
ETH/USD,2465.5,2466.5,11-06-21 09:37:10
ETH/USD,2467.7,2468,11-06-21 09:37:00
ETH/USD,2468.6,2468.7,11-06-21 09:36:50
ETH/USD,2467.7,2468.4,11-06-21 09:36:40
ETH/USD,2468.4,2468.7,11-06-21 09:36:30
ETH/USD,2467.6,2468.7,11-06-21 09:36:20
ETH/USD,2467,2468,11-06-21 09:36:10
ETH/USD,2464.1,2464.9,11-06-21 09:36:00
ETH/USD,2464.1,2464.9,11-06-21 09:35:50
ETH/USD,2463.9,2464.8,11-06-21 09:35:40
ETH/USD,2465.6,2465.8,11-06-21 09:35:30
ETH/USD,2465.6,2466.4,11-06-21 09:35:20
ETH/USD,2467.3,2467.4,11-06-21 09:35:10
ETH/USD,2468.6,2468.8,11-06-21 09:35:00
ETH/USD,2468.6,2468.7,11-06-21 09:34:50
ETH/USD,2468.6,2468.7,11-06-21 09:34:40
ETH/USD,2468.7,2469.6,11-06-21 09:34:30
ETH/USD,2468.5,2469.3,11-06-21 09:34:20
ETH/USD,2467.1,2468,11-06-21 09:34:10
ETH/USD,2465.2,2466.7,11-06-21 09:34:00
ETH/USD,2469.5,2470.7,11-06-21 09:33:50
ETH/USD,2469.8,2470.8,11-06-21 09:33:40
ETH/USD,2470.1,2470.2,11-06-21 09:33:30
ETH/USD,2471.5,2472.3,11-06-21 09:33:20
ETH/USD,2473.7,2474.2,11-06-21 09:33:10
ETH/USD,2472.5,2473.4,11-06-21 09:33:00
ETH/USD,2470.5,2470.7,11-06-21 09:32:50
ETH/USD,2471.5,2471.9,11-06-21 09:32:40
ETH/USD,2473.9,2474.4,11-06-21 09:32:30
ETH/USD,2474.9,2475.2,11-06-21 09:32:20
ETH/USD,2474.1,2474.7,11-06-21 09:32:10
ETH/USD,2474.1,2474.2,11-06-21 09:32:00
ETH/USD,2474.4,2474.8,11-06-21 09:31:50
ETH/USD,2474.8,2475.2,11-06-21 09:31:40
ETH/USD,2475.2,2475.6,11-06-21 09:31:30
ETH/USD,2475.2,2476.6,11-06-21 09:31:20
ETH/USD,2478.4,2479.1,11-06-21 09:31:10
ETH/USD,2479,2479.2,11-06-21 09:31:00
ETH/USD,2476.2,2477.1,11-06-21 09:30:50
ETH/USD,2476.2,2477.1,11-06-21 09:30:40
ETH/USD,2478.5,2479,11-06-21 09:30:30
ETH/USD,2473.2,2474.2,11-06-21 09:30:20
ETH/USD,2472.6,2472.7,11-06-21 09:30:10
ETH/USD,2469.8,2471,11-06-21 09:30:00
ETH/USD,2467.7,2468.9,11-06-21 09:29:50
ETH/USD,2469,2470.2,11-06-21 09:29:40
ETH/USD,2472.7,2474.2,11-06-21 09:29:30
ETH/USD,2468.2,2468.8,11-06-21 09:29:20
ETH/USD,2466.4,2467.3,11-06-21 09:29:10
ETH/USD,2465.9,2467.3,11-06-21 09:29:00
ETH/USD,2465.8,2465.9,11-06-21 09:28:50
ETH/USD,2465.1,2466.2,11-06-21 09:28:40
ETH/USD,2463.2,2463.6,11-06-21 09:28:30
ETH/USD,2462.6,2463.4,11-06-21 09:28:20
ETH/USD,2462.9,2463.7,11-06-21 09:28:10
ETH/USD,2465.4,2465.9,11-06-21 09:28:00
ETH/USD,2465.1,2466.4,11-06-21 09:27:50
ETH/USD,2467.1,2468,11-06-21 09:27:40
ETH/USD,2464.6,2465.7,11-06-21 09:27:30
ETH/USD,2465.2,2465.3,11-06-21 09:27:20
ETH/USD,2465,2465.3,11-06-21 09:27:10
ETH/USD,2463.5,2464.5,11-06-21 09:27:00
ETH/USD,2463.2,2463.9,11-06-21 09:26:50
ETH/USD,2462.8,2463.3,11-06-21 09:26:40
ETH/USD,2462.5,2462.6,11-06-21 09:26:30
ETH/USD,2461.1,2461.8,11-06-21 09:26:20
ETH/USD,2461.6,2462.4,11-06-21 09:26:10
ETH/USD,2460.8,2462.3,11-06-21 09:26:00
ETH/USD,2459,2460,11-06-21 09:25:50
ETH/USD,2460.1,2461.4,11-06-21 09:25:40
ETH/USD,2458.7,2459.7,11-06-21 09:25:30
ETH/USD,2457.4,2458.7,11-06-21 09:25:20
ETH/USD,2456.5,2457.1,11-06-21 09:25:10
ETH/USD,2457.2,2458.6,11-06-21 09:25:00
ETH/USD,2455.9,2456.6,11-06-21 09:24:50
ETH/USD,2455.8,2456.5,11-06-21 09:24:40
ETH/USD,2455.2,2456.4,11-06-21 09:24:30
ETH/USD,2456.4,2456.6,11-06-21 09:24:20
ETH/USD,2456.5,2457.9,11-06-21 09:24:10
ETH/USD,2457.6,2458.8,11-06-21 09:24:00
ETH/USD,2459.2,2460.2,11-06-21 09:23:50
ETH/USD,2459.2,2460.6,11-06-21 09:23:40
ETH/USD,2458.3,2459.1,11-06-21 09:23:30
ETH/USD,2457.1,2458.4,11-06-21 09:23:20
ETH/USD,2458,2459.4,11-06-21 09:23:10
ETH/USD,2454.8,2455.5,11-06-21 09:23:00
ETH/USD,2452.9,2453.8,11-06-21 09:22:50
ETH/USD,2452.9,2454.1,11-06-21 09:22:40
ETH/USD,2449.9,2450.3,11-06-21 09:22:30
ETH/USD,2449.7,2450.7,11-06-21 09:22:20
ETH/USD,2449.7,2451,11-06-21 09:22:10
ETH/USD,2451.2,2451.9,11-06-21 09:22:00
ETH/USD,2450.3,2450.9,11-06-21 09:21:50
ETH/USD,2449.4,2450.5,11-06-21 09:21:40
ETH/USD,2449.9,2451,11-06-21 09:21:30
ETH/USD,2450.4,2451.4,11-06-21 09:21:20
ETH/USD,2450.2,2451.2,11-06-21 09:21:10
ETH/USD,2450.7,2451.4,11-06-21 09:21:00
ETH/USD,2451.2,2451.9,11-06-21 09:20:50
ETH/USD,2453.1,2453.4,11-06-21 09:20:40
ETH/USD,2453.1,2453.7,11-06-21 09:20:30
ETH/USD,2452.3,2453.1,11-06-21 09:20:20
ETH/USD,2453,2454.2,11-06-21 09:20:10
ETH/USD,2454,2454.8,11-06-21 09:20:00
ETH/USD,2455.7,2456.2,11-06-21 09:19:50
ETH/USD,2455.7,2456.2,11-06-21 09:19:40
ETH/USD,2455.5,2455.6,11-06-21 09:19:30
ETH/USD,2455.5,2455.7,11-06-21 09:19:20
ETH/USD,2456.9,2457.5,11-06-21 09:19:10
ETH/USD,2456.3,2457.2,11-06-21 09:19:00
ETH/USD,2456.4,2457.2,11-06-21 09:18:50
ETH/USD,2456.5,2457.1,11-06-21 09:18:40
ETH/USD,2455.6,2456.7,11-06-21 09:18:30
ETH/USD,2455.2,2455.8,11-06-21 09:18:20
ETH/USD,2455,2456.1,11-06-21 09:18:10
ETH/USD,2454.4,2455.3,11-06-21 09:18:00
ETH/USD,2453.6,2454.8,11-06-21 09:17:50
ETH/USD,2452.6,2453.7,11-06-21 09:17:40
ETH/USD,2451.9,2453.1,11-06-21 09:17:30
ETH/USD,2452.7,2453.9,11-06-21 09:17:20
ETH/USD,2453,2453.9,11-06-21 09:17:10
ETH/USD,2454.6,2454.7,11-06-21 09:17:00
ETH/USD,2454.6,2455.1,11-06-21 09:16:50
ETH/USD,2454.6,2455,11-06-21 09:16:40
ETH/USD,2454.8,2455.5,11-06-21 09:16:30
ETH/USD,2457.4,2457.5,11-06-21 09:16:20
ETH/USD,2457.4,2458,11-06-21 09:16:10
ETH/USD,2456.9,2457.6,11-06-21 09:16:00
ETH/USD,2456.6,2457.3,11-06-21 09:15:50
ETH/USD,2455.5,2456.1,11-06-21 09:15:40
ETH/USD,2458.1,2459.1,11-06-21 09:15:30
ETH/USD,2460.3,2461.4,11-06-21 09:15:20
ETH/USD,2461.8,2462.4,11-06-21 09:15:10
ETH/USD,2460,2460.4,11-06-21 09:15:00
ETH/USD,2458.5,2459.5,11-06-21 09:14:50
ETH/USD,2455.3,2456.3,11-06-21 09:14:40
ETH/USD,2454,2454.4,11-06-21 09:14:30
ETH/USD,2454.8,2455.3,11-06-21 09:14:20
ETH/USD,2455.9,2456.5,11-06-21 09:14:10
ETH/USD,2455.3,2456.2,11-06-21 09:14:00
ETH/USD,2454.5,2455,11-06-21 09:13:50
ETH/USD,2455,2455.3,11-06-21 09:13:40
ETH/USD,2453.7,2454.4,11-06-21 09:13:30
ETH/USD,2453.3,2454.1,11-06-21 09:13:20
ETH/USD,2454.7,2454.9,11-06-21 09:13:10
ETH/USD,2453.2,2453.4,11-06-21 09:13:00
ETH/USD,2454,2454.1,11-06-21 09:12:50
ETH/USD,2453.9,2454.1,11-06-21 09:12:40
ETH/USD,2453.1,2454.1,11-06-21 09:12:30
ETH/USD,2451.9,2452.7,11-06-21 09:12:20
ETH/USD,2452.6,2453.9,11-06-21 09:12:10
ETH/USD,2455.7,2456.3,11-06-21 09:12:00
ETH/USD,2455.8,2456.6,11-06-21 09:11:50
ETH/USD,2455.2,2455.8,11-06-21 09:11:40
ETH/USD,2453.5,2454.1,11-06-21 09:11:30
ETH/USD,2454.7,2454.8,11-06-21 09:11:20
ETH/USD,2454.6,2455.2,11-06-21 09:11:10
ETH/USD,2454,2454.7,11-06-21 09:11:00
ETH/USD,2454,2454.4,11-06-21 09:10:50
ETH/USD,2453.9,2454.5,11-06-21 09:10:40
ETH/USD,2452.1,2452.2,11-06-21 09:10:30
ETH/USD,2452.1,2452.2,11-06-21 09:10:20
ETH/USD,2451.5,2452.4,11-06-21 09:10:10
ETH/USD,2450.8,2451.2,11-06-21 09:10:00
ETH/USD,2450.9,2451.6,11-06-21 09:09:50
ETH/USD,2449.8,2450.7,11-06-21 09:09:40
ETH/USD,2450.4,2451.1,11-06-21 09:09:30
ETH/USD,2449.6,2449.8,11-06-21 09:09:20
ETH/USD,2449.7,2449.8,11-06-21 09:09:10
ETH/USD,2449.7,2450.2,11-06-21 09:09:00
ETH/USD,2451.1,2451.8,11-06-21 09:08:50
ETH/USD,2450.3,2451.5,11-06-21 09:08:40
ETH/USD,2449.7,2450.4,11-06-21 09:08:30
ETH/USD,2450.2,2451,11-06-21 09:08:20
ETH/USD,2448.8,2449.4,11-06-21 09:08:10
ETH/USD,2448.1,2448.8,11-06-21 09:08:00
ETH/USD,2448,2448.8,11-06-21 09:07:50
ETH/USD,2450.2,2450.3,11-06-21 09:07:40
ETH/USD,2450.2,2450.3,11-06-21 09:07:30
ETH/USD,2451.2,2451.9,11-06-21 09:07:20
ETH/USD,2451.6,2452.1,11-06-21 09:07:10
ETH/USD,2453.7,2454.6,11-06-21 09:07:00
ETH/USD,2452.9,2453.8,11-06-21 09:06:50
ETH/USD,2450.2,2450.8,11-06-21 09:06:40
ETH/USD,2450.1,2450.3,11-06-21 09:06:30
ETH/USD,2450.1,2450.7,11-06-21 09:06:20
ETH/USD,2451.2,2452.2,11-06-21 09:06:10
ETH/USD,2448.4,2448.9,11-06-21 09:06:00
ETH/USD,2448,2448.4,11-06-21 09:05:50
ETH/USD,2447.8,2448.5,11-06-21 09:05:40
ETH/USD,2447.2,2447.4,11-06-21 09:05:30
ETH/USD,2447.2,2447.9,11-06-21 09:05:20
ETH/USD,2446.3,2447.1,11-06-21 09:05:10
ETH/USD,2446.2,2446.4,11-06-21 09:05:00
ETH/USD,2446.2,2446.4,11-06-21 09:04:50
ETH/USD,2446.2,2446.4,11-06-21 09:04:40
ETH/USD,2446.2,2446.4,11-06-21 09:04:30
ETH/USD,2447.7,2448.7,11-06-21 09:04:20
ETH/USD,2446.4,2446.8,11-06-21 09:04:10
ETH/USD,2445.5,2446,11-06-21 09:04:00
ETH/USD,2444.7,2445.4,11-06-21 09:03:50
ETH/USD,2444.5,2445.6,11-06-21 09:03:40
ETH/USD,2445.7,2446,11-06-21 09:03:30
ETH/USD,2444.5,2445.8,11-06-21 09:03:20
ETH/USD,2443.7,2444.3,11-06-21 09:03:10
ETH/USD,2442.9,2443,11-06-21 09:03:00
ETH/USD,2443,2444.3,11-06-21 09:02:50
ETH/USD,2442.5,2443.2,11-06-21 09:02:40
ETH/USD,2442.5,2443.7,11-06-21 09:02:30
ETH/USD,2444.6,2445.4,11-06-21 09:02:20
ETH/USD,2445.3,2446.4,11-06-21 09:02:10
ETH/USD,2447.8,2448.5,11-06-21 09:02:00
ETH/USD,2447.8,2448.2,11-06-21 09:01:50
ETH/USD,2447.6,2448.2,11-06-21 09:01:40
ETH/USD,2447.7,2448.2,11-06-21 09:01:30
ETH/USD,2448.6,2448.7,11-06-21 09:01:20
ETH/USD,2447.3,2447.9,11-06-21 09:01:10
ETH/USD,2447.5,2447.6,11-06-21 09:01:00
ETH/USD,2447.4,2448.3,11-06-21 09:00:50
ETH/USD,2447.9,2448.4,11-06-21 09:00:40
ETH/USD,2447.6,2448.7,11-06-21 09:00:30
ETH/USD,2445.1,2446.3,11-06-21 09:00:20
ETH/USD,2444.6,2445.3,11-06-21 09:00:10
ETH/USD,2443.1,2443.3,11-06-21 09:00:00
ETH/USD,2443.1,2443.5,11-06-21 08:59:50
ETH/USD,2442.7,2443.6,11-06-21 08:59:40
ETH/USD,2442.5,2443.2,11-06-21 08:59:30
ETH/USD,2441,2441.9,11-06-21 08:59:20
ETH/USD,2439.7,2440.8,11-06-21 08:59:10
ETH/USD,2441.5,2442.2,11-06-21 08:59:00
ETH/USD,2441.5,2442.4,11-06-21 08:58:50
ETH/USD,2442.7,2443.6,11-06-21 08:58:40
ETH/USD,2441.7,2442.3,11-06-21 08:58:30
ETH/USD,2444.6,2445.1,11-06-21 08:58:20
ETH/USD,2445.2,2445.9,11-06-21 08:58:10
ETH/USD,2444.6,2445.4,11-06-21 08:58:00
ETH/USD,2446.4,2446.9,11-06-21 08:57:50
ETH/USD,2446.3,2446.9,11-06-21 08:57:40
ETH/USD,2445.6,2446.4,11-06-21 08:57:30
ETH/USD,2445.9,2446.4,11-06-21 08:57:20
ETH/USD,2445.4,2446.4,11-06-21 08:57:10
ETH/USD,2445.1,2445.9,11-06-21 08:57:00
ETH/USD,2444.8,2445.9,11-06-21 08:56:50
ETH/USD,2445,2446.2,11-06-21 08:56:40
ETH/USD,2443.8,2444,11-06-21 08:56:30
ETH/USD,2443.9,2445.1,11-06-21 08:56:20
ETH/USD,2444.8,2444.9,11-06-21 08:56:10
ETH/USD,2446.4,2447,11-06-21 08:56:00
ETH/USD,2446.9,2447.7,11-06-21 08:55:50
ETH/USD,2447.4,2448.3,11-06-21 08:55:40
ETH/USD,2445.8,2446.3,11-06-21 08:55:30
ETH/USD,2448,2448.1,11-06-21 08:55:20
ETH/USD,2447.6,2447.7,11-06-21 08:55:10
ETH/USD,2447.6,2447.7,11-06-21 08:55:00
ETH/USD,2447.6,2448.1,11-06-21 08:54:50
ETH/USD,2447.9,2448.7,11-06-21 08:54:40
ETH/USD,2449.4,2449.6,11-06-21 08:54:30
ETH/USD,2449.4,2449.9,11-06-21 08:54:20
ETH/USD,2449.4,2449.9,11-06-21 08:54:10
ETH/USD,2449.5,2450,11-06-21 08:54:00
ETH/USD,2449.5,2450.6,11-06-21 08:53:50
ETH/USD,2449.4,2450.2,11-06-21 08:53:40
ETH/USD,2448.7,2450,11-06-21 08:53:30
ETH/USD,2446.3,2447.2,11-06-21 08:53:20
ETH/USD,2446.6,2447.3,11-06-21 08:53:10
ETH/USD,2446.4,2446.9,11-06-21 08:53:00
ETH/USD,2446.3,2447.6,11-06-21 08:52:50
ETH/USD,2447.4,2447.8,11-06-21 08:52:40
ETH/USD,2448,2448.6,11-06-21 08:52:30
ETH/USD,2449.1,2449.2,11-06-21 08:52:20
ETH/USD,2449.1,2449.2,11-06-21 08:52:10
ETH/USD,2449.1,2449.6,11-06-21 08:52:00
ETH/USD,2451.5,2452.2,11-06-21 08:51:50
ETH/USD,2451.6,2452.1,11-06-21 08:51:40
ETH/USD,2451.3,2452.4,11-06-21 08:51:30
ETH/USD,2451.6,2452.5,11-06-21 08:51:20
ETH/USD,2451.6,2452.5,11-06-21 08:51:10
ETH/USD,2450.7,2451.7,11-06-21 08:51:00
ETH/USD,2449.1,2449.8,11-06-21 08:50:50
ETH/USD,2448.5,2449.1,11-06-21 08:50:40
ETH/USD,2448.5,2448.8,11-06-21 08:50:30
ETH/USD,2448.1,2449.3,11-06-21 08:50:20
ETH/USD,2448.8,2449.5,11-06-21 08:50:10
ETH/USD,2449.7,2450.4,11-06-21 08:50:00
ETH/USD,2448.2,2449.3,11-06-21 08:49:50
ETH/USD,2448.5,2449.7,11-06-21 08:49:40
ETH/USD,2450,2450.1,11-06-21 08:49:30
ETH/USD,2449.7,2450.5,11-06-21 08:49:20
ETH/USD,2448.3,2449.3,11-06-21 08:49:10
ETH/USD,2448.4,2449.4,11-06-21 08:49:00
ETH/USD,2447.8,2449,11-06-21 08:48:50
ETH/USD,2447.9,2449.4,11-06-21 08:48:40
ETH/USD,2451,2451.1,11-06-21 08:48:30
ETH/USD,2451,2451.4,11-06-21 08:48:20
ETH/USD,2451.1,2452.1,11-06-21 08:48:10
ETH/USD,2451.3,2452.1,11-06-21 08:48:00
ETH/USD,2453.8,2454.8,11-06-21 08:47:50
ETH/USD,2452.9,2453.6,11-06-21 08:47:40
ETH/USD,2452.2,2452.9,11-06-21 08:47:30
ETH/USD,2452.3,2453,11-06-21 08:47:20
ETH/USD,2451,2452.1,11-06-21 08:47:10
ETH/USD,2450.9,2452,11-06-21 08:47:00
ETH/USD,2452.2,2453.1,11-06-21 08:46:50
ETH/USD,2452,2453.4,11-06-21 08:46:40
ETH/USD,2452.3,2453.3,11-06-21 08:46:30
ETH/USD,2453.3,2454.2,11-06-21 08:46:20
ETH/USD,2451.7,2452.1,11-06-21 08:46:10
ETH/USD,2451.9,2453.4,11-06-21 08:46:00
ETH/USD,2450.1,2451.6,11-06-21 08:45:50
ETH/USD,2449.7,2450.9,11-06-21 08:45:40
ETH/USD,2447.9,2449.1,11-06-21 08:45:30
ETH/USD,2448.3,2449.7,11-06-21 08:45:20
ETH/USD,2445.3,2446.5,11-06-21 08:45:10
ETH/USD,2448.1,2449.1,11-06-21 08:45:00
ETH/USD,2445.8,2447.2,11-06-21 08:44:50
ETH/USD,2450.2,2450.3,11-06-21 08:44:40
ETH/USD,2450.2,2450.3,11-06-21 08:44:30
ETH/USD,2450.2,2450.3,11-06-21 08:44:20
ETH/USD,2450.2,2451.2,11-06-21 08:44:10
ETH/USD,2450,2451,11-06-21 08:44:00
ETH/USD,2450.6,2451.6,11-06-21 08:43:50
ETH/USD,2448.5,2449.4,11-06-21 08:43:40
ETH/USD,2449.3,2450.5,11-06-21 08:43:30
ETH/USD,2445.5,2446.8,11-06-21 08:43:20
ETH/USD,2450.5,2451.6,11-06-21 08:43:10
ETH/USD,2453.5,2453.7,11-06-21 08:43:00
ETH/USD,2451.3,2451.9,11-06-21 08:42:50
ETH/USD,2451.7,2452.5,11-06-21 08:42:40
ETH/USD,2451.6,2451.9,11-06-21 08:42:30
ETH/USD,2452.4,2453.2,11-06-21 08:42:20
ETH/USD,2453.3,2454.1,11-06-21 08:42:10
ETH/USD,2453.3,2454.6,11-06-21 08:42:00
ETH/USD,2452.7,2453.7,11-06-21 08:41:50
ETH/USD,2450.8,2451.3,11-06-21 08:41:40
ETH/USD,2450.8,2451.2,11-06-21 08:41:30
ETH/USD,2450.8,2452,11-06-21 08:41:20
ETH/USD,2450.2,2451,11-06-21 08:41:10
ETH/USD,2449,2450.1,11-06-21 08:41:00
ETH/USD,2450.2,2450.5,11-06-21 08:40:50
ETH/USD,2449.7,2450.9,11-06-21 08:40:40
ETH/USD,2452.3,2453,11-06-21 08:40:30
ETH/USD,2451.8,2452,11-06-21 08:40:20
ETH/USD,2448.8,2450,11-06-21 08:40:10
ETH/USD,2448.3,2449.6,11-06-21 08:40:00
ETH/USD,2449.2,2450.3,11-06-21 08:39:50
ETH/USD,2449.6,2450.6,11-06-21 08:39:40
ETH/USD,2448.9,2450,11-06-21 08:39:30
ETH/USD,2450.5,2451.2,11-06-21 08:39:20
ETH/USD,2451.1,2452.1,11-06-21 08:39:10
ETH/USD,2451.4,2452.1,11-06-21 08:39:00
ETH/USD,2451.6,2452.7,11-06-21 08:38:50
ETH/USD,2452.4,2453.3,11-06-21 08:38:40
ETH/USD,2455.3,2456.2,11-06-21 08:38:30
ETH/USD,2455.5,2456.6,11-06-21 08:38:20
ETH/USD,2456,2456.5,11-06-21 08:38:10
ETH/USD,2455.5,2456.1,11-06-21 08:38:00
ETH/USD,2455.4,2456,11-06-21 08:37:50
ETH/USD,2456,2456.9,11-06-21 08:37:40
ETH/USD,2457.2,2458.1,11-06-21 08:37:30
ETH/USD,2457.9,2458,11-06-21 08:37:20
ETH/USD,2456.6,2457.2,11-06-21 08:37:10
ETH/USD,2455.3,2455.9,11-06-21 08:37:00
ETH/USD,2456,2456.7,11-06-21 08:36:50
ETH/USD,2455.6,2456.3,11-06-21 08:36:40
ETH/USD,2454.2,2454.9,11-06-21 08:36:30
ETH/USD,2453.9,2454.4,11-06-21 08:36:20
ETH/USD,2454.1,2454.6,11-06-21 08:36:10
ETH/USD,2455.3,2455.6,11-06-21 08:36:00
ETH/USD,2454.9,2455.8,11-06-21 08:35:50
ETH/USD,2456,2456.6,11-06-21 08:35:40
ETH/USD,2457.5,2458.2,11-06-21 08:35:30
ETH/USD,2456.7,2457.8,11-06-21 08:35:20
ETH/USD,2455.6,2455.7,11-06-21 08:35:10
ETH/USD,2453.9,2454.9,11-06-21 08:35:00
ETH/USD,2451.4,2452.4,11-06-21 08:34:50
ETH/USD,2451.2,2452.3,11-06-21 08:34:40
ETH/USD,2451.3,2452.3,11-06-21 08:34:30
ETH/USD,2452.6,2453.2,11-06-21 08:34:20
ETH/USD,2455,2455.6,11-06-21 08:34:10
ETH/USD,2454.4,2455.5,11-06-21 08:34:00
ETH/USD,2454.8,2455.2,11-06-21 08:33:50
ETH/USD,2452.7,2453.5,11-06-21 08:33:40
ETH/USD,2453.2,2454.4,11-06-21 08:33:30
ETH/USD,2453.8,2455.1,11-06-21 08:33:20
ETH/USD,2453,2454.3,11-06-21 08:33:10
ETH/USD,2453.4,2454.9,11-06-21 08:33:00
ETH/USD,2453.3,2454.4,11-06-21 08:32:50
ETH/USD,2452,2453.4,11-06-21 08:32:40
ETH/USD,2457,2457.9,11-06-21 08:32:30
ETH/USD,2457.5,2458.1,11-06-21 08:32:20
ETH/USD,2457,2458.4,11-06-21 08:32:10
ETH/USD,2458.7,2459.6,11-06-21 08:32:00
ETH/USD,2456.5,2456.7,11-06-21 08:31:50
ETH/USD,2456.6,2457.5,11-06-21 08:31:40
ETH/USD,2457.6,2457.7,11-06-21 08:31:30
ETH/USD,2457.6,2458.1,11-06-21 08:31:20
ETH/USD,2462.4,2463.4,11-06-21 08:31:10
ETH/USD,2463.5,2463.7,11-06-21 08:31:00
ETH/USD,2464.6,2464.7,11-06-21 08:30:50
ETH/USD,2466.3,2466.4,11-06-21 08:30:40
ETH/USD,2466,2466.4,11-06-21 08:30:30
ETH/USD,2467.8,2468.4,11-06-21 08:30:20
ETH/USD,2470.4,2471.1,11-06-21 08:30:10
ETH/USD,2465.1,2465.5,11-06-21 08:30:00
ETH/USD,2465,2465.6,11-06-21 08:29:50
ETH/USD,2466.5,2467.9,11-06-21 08:29:40
ETH/USD,2467.4,2467.9,11-06-21 08:29:30
ETH/USD,2466.8,2467.2,11-06-21 08:29:20
ETH/USD,2462.1,2462.7,11-06-21 08:29:10
ETH/USD,2463.3,2464.1,11-06-21 08:29:00
ETH/USD,2464.8,2465.4,11-06-21 08:28:50
ETH/USD,2465.5,2466.3,11-06-21 08:28:40
ETH/USD,2466.6,2466.7,11-06-21 08:28:30
ETH/USD,2466.3,2466.7,11-06-21 08:28:20
ETH/USD,2464.2,2465.3,11-06-21 08:28:10
ETH/USD,2463,2463.1,11-06-21 08:28:00
ETH/USD,2462.7,2463.7,11-06-21 08:27:50
ETH/USD,2463.8,2464.5,11-06-21 08:27:40
ETH/USD,2464.2,2464.9,11-06-21 08:27:30
ETH/USD,2464.6,2465.9,11-06-21 08:27:20
ETH/USD,2465.6,2466.7,11-06-21 08:27:10
ETH/USD,2462.7,2463.5,11-06-21 08:27:00
ETH/USD,2463.7,2464.9,11-06-21 08:26:50
ETH/USD,2468.1,2468.2,11-06-21 08:26:40
ETH/USD,2465.5,2465.6,11-06-21 08:26:30
ETH/USD,2464.3,2465.8,11-06-21 08:26:20
ETH/USD,2462.8,2463.8,11-06-21 08:26:10
ETH/USD,2461.4,2462,11-06-21 08:26:00
ETH/USD,2460.1,2460.3,11-06-21 08:25:50
ETH/USD,2460.3,2461.2,11-06-21 08:25:40
ETH/USD,2460.7,2461.4,11-06-21 08:25:30
ETH/USD,2460.1,2460.9,11-06-21 08:25:20
ETH/USD,2459.9,2461.1,11-06-21 08:25:10
ETH/USD,2462.1,2462.7,11-06-21 08:25:00
ETH/USD,2460.8,2462.5,11-06-21 08:24:50
ETH/USD,2458.8,2459.7,11-06-21 08:24:40
ETH/USD,2458.9,2460,11-06-21 08:24:30
ETH/USD,2460,2460.4,11-06-21 08:24:20
ETH/USD,2458.9,2459.7,11-06-21 08:24:10
ETH/USD,2458.3,2458.7,11-06-21 08:24:00
ETH/USD,2457.3,2458.1,11-06-21 08:23:50
ETH/USD,2455.7,2456.9,11-06-21 08:23:40
ETH/USD,2456.9,2457.8,11-06-21 08:23:30
ETH/USD,2458.4,2459.1,11-06-21 08:23:20
ETH/USD,2459.6,2459.9,11-06-21 08:23:10
ETH/USD,2458.2,2459.1,11-06-21 08:23:00
ETH/USD,2458.6,2459.4,11-06-21 08:22:50
ETH/USD,2457.5,2458.3,11-06-21 08:22:40
ETH/USD,2456.9,2457.7,11-06-21 08:22:30
ETH/USD,2457,2457.6,11-06-21 08:22:20
ETH/USD,2455.3,2455.7,11-06-21 08:22:10
ETH/USD,2454.5,2455.1,11-06-21 08:22:00
ETH/USD,2454.6,2455.2,11-06-21 08:21:50
ETH/USD,2454.2,2455.5,11-06-21 08:21:40
ETH/USD,2454.4,2455.2,11-06-21 08:21:30
ETH/USD,2453.7,2454.6,11-06-21 08:21:20
ETH/USD,2453.7,2454.5,11-06-21 08:21:10
ETH/USD,2452,2453.2,11-06-21 08:21:00
ETH/USD,2453,2454,11-06-21 08:20:50
ETH/USD,2450.4,2451.3,11-06-21 08:20:40
ETH/USD,2450.1,2451.4,11-06-21 08:20:30
ETH/USD,2451.4,2452.4,11-06-21 08:20:20
ETH/USD,2452.7,2454,11-06-21 08:20:10
ETH/USD,2453.8,2455.1,11-06-21 08:20:00
ETH/USD,2453,2453.7,11-06-21 08:19:50
ETH/USD,2451.8,2452.7,11-06-21 08:19:40
ETH/USD,2450.2,2451.7,11-06-21 08:19:30
ETH/USD,2449.8,2450.8,11-06-21 08:19:20
ETH/USD,2448.5,2450.2,11-06-21 08:19:10
ETH/USD,2451,2452.1,11-06-21 08:19:00
ETH/USD,2450.5,2451.5,11-06-21 08:18:50
ETH/USD,2447.7,2448.3,11-06-21 08:18:40
ETH/USD,2448.6,2449.8,11-06-21 08:18:30
ETH/USD,2450.5,2451.8,11-06-21 08:18:20
ETH/USD,2450.9,2452.1,11-06-21 08:18:10
ETH/USD,2451.9,2452.9,11-06-21 08:18:00
ETH/USD,2452.9,2453.8,11-06-21 08:17:50
ETH/USD,2453,2453.8,11-06-21 08:17:40
ETH/USD,2450.9,2451.9,11-06-21 08:17:30
ETH/USD,2450.5,2450.9,11-06-21 08:17:20
ETH/USD,2452.9,2454,11-06-21 08:17:10
ETH/USD,2454,2455.1,11-06-21 08:17:00
ETH/USD,2455,2456.7,11-06-21 08:16:50
ETH/USD,2455.6,2456.2,11-06-21 08:16:40
ETH/USD,2455.2,2456,11-06-21 08:16:30
ETH/USD,2455.9,2456.7,11-06-21 08:16:20
ETH/USD,2455.1,2455.7,11-06-21 08:16:10
ETH/USD,2453.5,2454.4,11-06-21 08:16:00
ETH/USD,2454.1,2454.9,11-06-21 08:15:50
ETH/USD,2454.8,2455.9,11-06-21 08:15:40
ETH/USD,2456.7,2457.5,11-06-21 08:15:30
ETH/USD,2456.5,2457.6,11-06-21 08:15:20
ETH/USD,2457.4,2458.1,11-06-21 08:15:10
ETH/USD,2453,2453.8,11-06-21 08:15:00
ETH/USD,2452.3,2453.3,11-06-21 08:14:50
ETH/USD,2452.7,2453.9,11-06-21 08:14:40
ETH/USD,2453.1,2453.6,11-06-21 08:14:30
ETH/USD,2454.3,2455.3,11-06-21 08:14:20
ETH/USD,2455.1,2456.1,11-06-21 08:14:10
ETH/USD,2453.9,2455,11-06-21 08:14:00
ETH/USD,2455.8,2457.2,11-06-21 08:13:50
ETH/USD,2455.7,2457,11-06-21 08:13:40
ETH/USD,2458.3,2458.7,11-06-21 08:13:30
ETH/USD,2457.8,2458.5,11-06-21 08:13:20
ETH/USD,2457.3,2457.5,11-06-21 08:13:10
ETH/USD,2456.3,2457.1,11-06-21 08:13:00
ETH/USD,2455.6,2456.7,11-06-21 08:12:50
ETH/USD,2456.1,2457.2,11-06-21 08:12:40
ETH/USD,2457.7,2459,11-06-21 08:12:30
ETH/USD,2456.1,2457.1,11-06-21 08:12:20
ETH/USD,2457.5,2458.6,11-06-21 08:12:10
ETH/USD,2458.4,2459.8,11-06-21 08:12:00
ETH/USD,2460.6,2461.3,11-06-21 08:11:50
ETH/USD,2459.3,2459.9,11-06-21 08:11:40
ETH/USD,2458.6,2459.3,11-06-21 08:11:30
ETH/USD,2458.9,2459.7,11-06-21 08:11:20
ETH/USD,2459.1,2459.7,11-06-21 08:11:10
ETH/USD,2460.7,2461.1,11-06-21 08:11:00
ETH/USD,2460.6,2461,11-06-21 08:10:50
ETH/USD,2459.6,2460.9,11-06-21 08:10:40
ETH/USD,2459.9,2461.3,11-06-21 08:10:30
ETH/USD,2459,2459.5,11-06-21 08:10:20
ETH/USD,2457.6,2458.2,11-06-21 08:10:10
ETH/USD,2461.7,2462.8,11-06-21 08:10:00
ETH/USD,2463.6,2463.7,11-06-21 08:09:50
ETH/USD,2464.3,2465,11-06-21 08:09:40
ETH/USD,2463.7,2465,11-06-21 08:09:30
ETH/USD,2463.6,2464.3,11-06-21 08:09:20
ETH/USD,2463.9,2464.5,11-06-21 08:09:10
ETH/USD,2461.7,2463.3,11-06-21 08:09:00
ETH/USD,2462.6,2463.3,11-06-21 08:08:50
ETH/USD,2461.1,2461.3,11-06-21 08:08:40
ETH/USD,2459.7,2460.3,11-06-21 08:08:30
ETH/USD,2459,2460.2,11-06-21 08:08:20
ETH/USD,2458.9,2460.1,11-06-21 08:08:10
ETH/USD,2458.9,2460.2,11-06-21 08:08:00
ETH/USD,2453.8,2455,11-06-21 08:07:50
ETH/USD,2458.6,2460,11-06-21 08:07:40
ETH/USD,2456.7,2458.8,11-06-21 08:07:30
ETH/USD,2456.4,2456.9,11-06-21 08:07:20
ETH/USD,2453.3,2454,11-06-21 08:07:10
ETH/USD,2453.2,2454,11-06-21 08:07:00
ETH/USD,2452.6,2453.4,11-06-21 08:06:50
ETH/USD,2453.1,2453.7,11-06-21 08:06:40
ETH/USD,2452.6,2453.6,11-06-21 08:06:30
ETH/USD,2452.6,2452.9,11-06-21 08:06:20
ETH/USD,2453.1,2454.4,11-06-21 08:06:10
ETH/USD,2452,2453.2,11-06-21 08:06:00
ETH/USD,2451.3,2451.9,11-06-21 08:05:50
ETH/USD,2453.2,2454.4,11-06-21 08:05:40
ETH/USD,2453.1,2454.2,11-06-21 08:05:30
ETH/USD,2455.6,2456.7,11-06-21 08:05:20
ETH/USD,2454.5,2454.9,11-06-21 08:05:10
ETH/USD,2451.7,2452.9,11-06-21 08:05:00
ETH/USD,2453.4,2454.3,11-06-21 08:04:50
ETH/USD,2454.2,2454.6,11-06-21 08:04:40
ETH/USD,2454.1,2454.6,11-06-21 08:04:30
ETH/USD,2451.2,2452.5,11-06-21 08:04:20
ETH/USD,2449.1,2450.4,11-06-21 08:04:10
ETH/USD,2450.8,2452.1,11-06-21 08:04:00
ETH/USD,2447.7,2448,11-06-21 08:03:50
ETH/USD,2448.1,2449.4,11-06-21 08:03:40
ETH/USD,2448.1,2449.9,11-06-21 08:03:30
ETH/USD,2447.1,2447.2,11-06-21 08:03:20
ETH/USD,2441.7,2443,11-06-21 08:03:10
ETH/USD,2443.7,2444.4,11-06-21 08:03:00
ETH/USD,2442.3,2444.1,11-06-21 08:02:50
ETH/USD,2441.9,2443.4,11-06-21 08:02:40
ETH/USD,2447.2,2448.1,11-06-21 08:02:30
ETH/USD,2446.5,2447.8,11-06-21 08:02:20
ETH/USD,2449.5,2449.6,11-06-21 08:02:10
ETH/USD,2452.2,2452.3,11-06-21 08:02:00
ETH/USD,2451.6,2452.4,11-06-21 08:01:50
ETH/USD,2451.4,2452.2,11-06-21 08:01:40
ETH/USD,2448.6,2448.7,11-06-21 08:01:30
ETH/USD,2446.4,2447.7,11-06-21 08:01:20
ETH/USD,2445.7,2446.6,11-06-21 08:01:10
ETH/USD,2445,2445.4,11-06-21 08:01:00
ETH/USD,2444.9,2445.1,11-06-21 08:00:50
ETH/USD,2444.9,2445,11-06-21 08:00:40
ETH/USD,2445,2445.7,11-06-21 08:00:30
ETH/USD,2446.7,2447.9,11-06-21 08:00:20
ETH/USD,2445.9,2446.6,11-06-21 08:00:10
ETH/USD,2447.2,2448.3,11-06-21 08:00:00
ETH/USD,2446.7,2447.6,11-06-21 07:59:50
ETH/USD,2444.5,2445.5,11-06-21 07:59:40
ETH/USD,2444.3,2445.6,11-06-21 07:59:30
ETH/USD,2446.9,2448.3,11-06-21 07:59:20
ETH/USD,2445.4,2446.3,11-06-21 07:59:10
ETH/USD,2447.5,2447.6,11-06-21 07:59:00
ETH/USD,2446,2446.3,11-06-21 07:58:50
ETH/USD,2444.4,2445.4,11-06-21 07:58:40
ETH/USD,2444.7,2445.5,11-06-21 07:58:30
ETH/USD,2442.9,2444,11-06-21 07:58:20
ETH/USD,2441.3,2442.1,11-06-21 07:58:10
ETH/USD,2441.7,2443.1,11-06-21 07:58:00
ETH/USD,2442.9,2443.2,11-06-21 07:57:50
ETH/USD,2441.8,2442.6,11-06-21 07:57:40
ETH/USD,2441.7,2442.9,11-06-21 07:57:30
ETH/USD,2441.5,2442.9,11-06-21 07:57:20
ETH/USD,2442.2,2443.1,11-06-21 07:57:10
ETH/USD,2440.3,2441.2,11-06-21 07:57:00
ETH/USD,2440.2,2441.1,11-06-21 07:56:50
ETH/USD,2441.6,2442.7,11-06-21 07:56:40
ETH/USD,2442.3,2442.9,11-06-21 07:56:30
ETH/USD,2441.1,2442,11-06-21 07:56:20
ETH/USD,2443.3,2444.4,11-06-21 07:56:10
ETH/USD,2443.8,2444.9,11-06-21 07:56:00
ETH/USD,2444.1,2444.7,11-06-21 07:55:50
ETH/USD,2443.8,2444.4,11-06-21 07:55:40
ETH/USD,2444.4,2445,11-06-21 07:55:30
ETH/USD,2442.8,2443.7,11-06-21 07:55:20
ETH/USD,2442.7,2443.6,11-06-21 07:55:10
ETH/USD,2445.3,2446.1,11-06-21 07:55:00
ETH/USD,2443.9,2444.6,11-06-21 07:54:50
ETH/USD,2441.3,2442.4,11-06-21 07:54:40
ETH/USD,2440.5,2442,11-06-21 07:54:30
ETH/USD,2442.1,2442.5,11-06-21 07:54:20
ETH/USD,2435.8,2437,11-06-21 07:54:10
ETH/USD,2436.9,2438,11-06-21 07:54:00
ETH/USD,2439.7,2440,11-06-21 07:53:50
ETH/USD,2439.7,2440.3,11-06-21 07:53:40
ETH/USD,2439.7,2440.3,11-06-21 07:53:30
ETH/USD,2442.5,2443.5,11-06-21 07:53:20
ETH/USD,2437.9,2438,11-06-21 07:53:10
ETH/USD,2437.8,2438.1,11-06-21 07:53:00
ETH/USD,2437.8,2438.5,11-06-21 07:52:50
ETH/USD,2436.6,2437,11-06-21 07:52:40
ETH/USD,2436.4,2437.1,11-06-21 07:52:30
ETH/USD,2436.1,2437.2,11-06-21 07:52:20
ETH/USD,2435.3,2436.1,11-06-21 07:52:10
ETH/USD,2437.2,2437.6,11-06-21 07:52:00
ETH/USD,2437.2,2438.3,11-06-21 07:51:50
ETH/USD,2434.8,2436,11-06-21 07:51:40
ETH/USD,2437.7,2438.1,11-06-21 07:51:30
ETH/USD,2438.3,2439,11-06-21 07:51:20
ETH/USD,2435.4,2436.5,11-06-21 07:51:10
ETH/USD,2436.3,2437.6,11-06-21 07:51:00
ETH/USD,2437.1,2437.3,11-06-21 07:50:50
ETH/USD,2436.6,2437.6,11-06-21 07:50:40
ETH/USD,2434,2434.8,11-06-21 07:50:30
ETH/USD,2434.1,2434.9,11-06-21 07:50:20
ETH/USD,2432.4,2433.4,11-06-21 07:50:10
ETH/USD,2430.7,2431.3,11-06-21 07:50:00
ETH/USD,2430.1,2430.4,11-06-21 07:49:50
ETH/USD,2432.2,2432.8,11-06-21 07:49:40
ETH/USD,2433.4,2434.4,11-06-21 07:49:30
ETH/USD,2432,2433.1,11-06-21 07:49:20
ETH/USD,2433,2433.2,11-06-21 07:49:10
ETH/USD,2435.9,2436,11-06-21 07:49:00
ETH/USD,2436.2,2437.4,11-06-21 07:48:50
ETH/USD,2437.9,2438.9,11-06-21 07:48:40
ETH/USD,2436.5,2436.9,11-06-21 07:48:30
ETH/USD,2436.7,2436.8,11-06-21 07:48:20
ETH/USD,2437.2,2437.3,11-06-21 07:48:10
ETH/USD,2439,2440,11-06-21 07:48:00
ETH/USD,2439.4,2440.2,11-06-21 07:47:50
ETH/USD,2441.9,2442.4,11-06-21 07:47:40
ETH/USD,2441.7,2443.3,11-06-21 07:47:30
ETH/USD,2445.7,2446.8,11-06-21 07:47:20
ETH/USD,2443.8,2444.6,11-06-21 07:47:10
ETH/USD,2440.2,2441.1,11-06-21 07:47:00
ETH/USD,2439.7,2439.8,11-06-21 07:46:50
ETH/USD,2439.7,2439.8,11-06-21 07:46:40
ETH/USD,2439.7,2440,11-06-21 07:46:30
ETH/USD,2439.3,2439.5,11-06-21 07:46:20
ETH/USD,2439.7,2440.2,11-06-21 07:46:10
ETH/USD,2440.8,2441.3,11-06-21 07:46:00
ETH/USD,2442.2,2442.3,11-06-21 07:45:50
ETH/USD,2442.6,2443.4,11-06-21 07:45:40
ETH/USD,2442.7,2443.6,11-06-21 07:45:30
ETH/USD,2444.1,2445.4,11-06-21 07:45:20
ETH/USD,2447.9,2448.2,11-06-21 07:45:10
ETH/USD,2445.6,2446.4,11-06-21 07:45:00
ETH/USD,2444.3,2444.4,11-06-21 07:44:50
ETH/USD,2443.2,2443.5,11-06-21 07:44:40
ETH/USD,2443.8,2444.1,11-06-21 07:44:30
ETH/USD,2442.7,2442.9,11-06-21 07:44:20
ETH/USD,2441,2441.4,11-06-21 07:44:10
ETH/USD,2442.2,2443.2,11-06-21 07:44:00
ETH/USD,2443.2,2443.5,11-06-21 07:43:50
ETH/USD,2443.1,2444.2,11-06-21 07:43:40
ETH/USD,2438.6,2439,11-06-21 07:43:30
ETH/USD,2438.6,2438.7,11-06-21 07:43:20
ETH/USD,2437,2437.2,11-06-21 07:43:10
ETH/USD,2434.5,2435.5,11-06-21 07:43:00
ETH/USD,2437.1,2437.5,11-06-21 07:42:50
ETH/USD,2439.7,2440.2,11-06-21 07:42:40
ETH/USD,2437.6,2439,11-06-21 07:42:30
ETH/USD,2438.5,2439.6,11-06-21 07:42:20
ETH/USD,2439.8,2440.4,11-06-21 07:42:10
ETH/USD,2443.6,2443.8,11-06-21 07:42:00
ETH/USD,2444.2,2444.3,11-06-21 07:41:50
ETH/USD,2444.2,2444.4,11-06-21 07:41:40
ETH/USD,2444.2,2444.7,11-06-21 07:41:30
ETH/USD,2444.1,2445.5,11-06-21 07:41:20
ETH/USD,2445.7,2446.1,11-06-21 07:41:10
ETH/USD,2445.8,2446.3,11-06-21 07:41:00
ETH/USD,2445.9,2446.5,11-06-21 07:40:50
ETH/USD,2445.7,2446.2,11-06-21 07:40:40
ETH/USD,2447,2447.3,11-06-21 07:40:30
ETH/USD,2447.3,2447.5,11-06-21 07:40:20
ETH/USD,2445.8,2446.6,11-06-21 07:40:10
ETH/USD,2445.5,2445.6,11-06-21 07:40:00
ETH/USD,2445.5,2445.7,11-06-21 07:39:50
ETH/USD,2446.1,2446.5,11-06-21 07:39:40
ETH/USD,2446.1,2446.2,11-06-21 07:39:30
ETH/USD,2445.3,2446.1,11-06-21 07:39:20
ETH/USD,2444.3,2445,11-06-21 07:39:10
ETH/USD,2445.2,2445.3,11-06-21 07:39:00
ETH/USD,2445.4,2445.8,11-06-21 07:38:50
ETH/USD,2445.2,2445.4,11-06-21 07:38:40
ETH/USD,2446.1,2446.6,11-06-21 07:38:30
ETH/USD,2446.1,2446.7,11-06-21 07:38:20
ETH/USD,2446.6,2447.5,11-06-21 07:38:10
ETH/USD,2447.6,2448.2,11-06-21 07:38:00
ETH/USD,2447.2,2447.6,11-06-21 07:37:50
ETH/USD,2447.2,2448,11-06-21 07:37:40
ETH/USD,2448,2448.9,11-06-21 07:37:30
ETH/USD,2447.2,2448.1,11-06-21 07:37:20
ETH/USD,2446.6,2446.8,11-06-21 07:37:10
ETH/USD,2446.4,2446.9,11-06-21 07:37:00
ETH/USD,2445.8,2446.8,11-06-21 07:36:50
ETH/USD,2447.1,2447.5,11-06-21 07:36:40
ETH/USD,2446.8,2447.5,11-06-21 07:36:30
ETH/USD,2446.3,2447.6,11-06-21 07:36:20
ETH/USD,2448.7,2449.4,11-06-21 07:36:10
ETH/USD,2451,2452,11-06-21 07:36:00
ETH/USD,2449.3,2450.5,11-06-21 07:35:50
ETH/USD,2451.6,2452.5,11-06-21 07:35:40
ETH/USD,2450.8,2451.7,11-06-21 07:35:30
ETH/USD,2451.9,2453.1,11-06-21 07:35:20
ETH/USD,2451.4,2451.6,11-06-21 07:35:10
ETH/USD,2452.4,2453.5,11-06-21 07:35:00
ETH/USD,2452.5,2453,11-06-21 07:34:50
ETH/USD,2452,2453.2,11-06-21 07:34:40
ETH/USD,2452.1,2453.5,11-06-21 07:34:30
ETH/USD,2450,2451.3,11-06-21 07:34:20
ETH/USD,2452.9,2453.5,11-06-21 07:34:10
ETH/USD,2451.8,2452.8,11-06-21 07:34:00
ETH/USD,2449.5,2450.8,11-06-21 07:33:50
ETH/USD,2449.8,2451,11-06-21 07:33:40
ETH/USD,2452.3,2452.8,11-06-21 07:33:30
ETH/USD,2449,2450,11-06-21 07:33:20
ETH/USD,2447.7,2448.6,11-06-21 07:33:10
ETH/USD,2447.9,2449.1,11-06-21 07:33:00
ETH/USD,2448.6,2449.6,11-06-21 07:32:50
ETH/USD,2448.9,2450.4,11-06-21 07:32:40
ETH/USD,2447.5,2449.3,11-06-21 07:32:30
ETH/USD,2449.8,2451.1,11-06-21 07:32:20
ETH/USD,2440.5,2441.4,11-06-21 07:32:11
ETH/USD,2442.8,2444.1,11-06-21 07:32:00
ETH/USD,2443.5,2444.1,11-06-21 07:31:50
ETH/USD,2440.2,2440.6,11-06-21 07:31:40
ETH/USD,2440.2,2440.6,11-06-21 07:31:30
ETH/USD,2437.7,2438.1,11-06-21 07:31:20
ETH/USD,2436.7,2436.9,11-06-21 07:31:10
ETH/USD,2436.8,2437,11-06-21 07:31:00
ETH/USD,2436.8,2436.9,11-06-21 07:30:50
ETH/USD,2435.3,2435.7,11-06-21 07:30:40
ETH/USD,2435.6,2435.7,11-06-21 07:30:30
ETH/USD,2435.9,2436,11-06-21 07:30:20
ETH/USD,2436.6,2436.8,11-06-21 07:30:10
ETH/USD,2436.2,2436.4,11-06-21 07:30:00
ETH/USD,2436.1,2436.2,11-06-21 07:29:50
ETH/USD,2436.8,2436.9,11-06-21 07:29:40
ETH/USD,2437.5,2437.9,11-06-21 07:29:30
ETH/USD,2436.5,2436.8,11-06-21 07:29:20
ETH/USD,2435.6,2436.4,11-06-21 07:29:10
ETH/USD,2436,2436.7,11-06-21 07:29:00
ETH/USD,2437.5,2437.8,11-06-21 07:28:50
ETH/USD,2438.3,2438.5,11-06-21 07:28:40
ETH/USD,2437.2,2438.2,11-06-21 07:28:30
ETH/USD,2436.6,2437.1,11-06-21 07:28:20
ETH/USD,2436.4,2436.8,11-06-21 07:28:10
ETH/USD,2436.2,2436.8,11-06-21 07:28:00
ETH/USD,2435.7,2436.6,11-06-21 07:27:50
ETH/USD,2435.4,2435.8,11-06-21 07:27:40
ETH/USD,2435.4,2436.3,11-06-21 07:27:30
ETH/USD,2434.7,2435.6,11-06-21 07:27:20
ETH/USD,2435.5,2436.2,11-06-21 07:27:10
ETH/USD,2435.5,2436.3,11-06-21 07:27:00
ETH/USD,2435.5,2436.5,11-06-21 07:26:50
ETH/USD,2437.4,2437.8,11-06-21 07:26:40
ETH/USD,2435,2436.3,11-06-21 07:26:30
ETH/USD,2433.5,2434.4,11-06-21 07:26:20
ETH/USD,2432.5,2433.2,11-06-21 07:26:10
ETH/USD,2431.8,2432.8,11-06-21 07:26:00
ETH/USD,2431.4,2431.7,11-06-21 07:25:50
ETH/USD,2430,2430.7,11-06-21 07:25:40
ETH/USD,2429.8,2430.5,11-06-21 07:25:30
ETH/USD,2428.9,2429.4,11-06-21 07:25:20
ETH/USD,2428.7,2429.2,11-06-21 07:25:10
ETH/USD,2428.8,2429.3,11-06-21 07:25:00
ETH/USD,2427.9,2428.3,11-06-21 07:24:50
ETH/USD,2427.7,2428.1,11-06-21 07:24:40
ETH/USD,2428.3,2429.2,11-06-21 07:24:30
ETH/USD,2428.2,2429,11-06-21 07:24:20
ETH/USD,2428.4,2429.3,11-06-21 07:24:10
ETH/USD,2427.3,2427.8,11-06-21 07:24:00
ETH/USD,2427.7,2428.1,11-06-21 07:23:50
ETH/USD,2428.5,2429,11-06-21 07:23:40
ETH/USD,2427.5,2428.1,11-06-21 07:23:30
ETH/USD,2427.2,2428,11-06-21 07:23:20
ETH/USD,2427.7,2428.7,11-06-21 07:23:10
ETH/USD,2430.5,2430.7,11-06-21 07:23:00
ETH/USD,2430.5,2431.1,11-06-21 07:22:50
ETH/USD,2429.2,2430.1,11-06-21 07:22:40
ETH/USD,2429.2,2430.2,11-06-21 07:22:30
ETH/USD,2430.2,2431.3,11-06-21 07:22:20
ETH/USD,2429.9,2430.9,11-06-21 07:22:10
ETH/USD,2427.9,2428.7,11-06-21 07:22:00
ETH/USD,2428.1,2428.9,11-06-21 07:21:50
ETH/USD,2428.1,2429.1,11-06-21 07:21:40
ETH/USD,2427.9,2428.4,11-06-21 07:21:30
ETH/USD,2427.9,2428.5,11-06-21 07:21:20
ETH/USD,2428.3,2429.2,11-06-21 07:21:10
ETH/USD,2430.1,2430.9,11-06-21 07:21:00
ETH/USD,2430.1,2431.1,11-06-21 07:20:50
ETH/USD,2431,2432.1,11-06-21 07:20:40
ETH/USD,2432.5,2433.5,11-06-21 07:20:30
ETH/USD,2433.5,2433.6,11-06-21 07:20:20
ETH/USD,2432.9,2433.6,11-06-21 07:20:10
ETH/USD,2432.2,2432.9,11-06-21 07:20:00
ETH/USD,2431.8,2432.5,11-06-21 07:19:50
ETH/USD,2430.9,2432.1,11-06-21 07:19:40
ETH/USD,2430.5,2431.4,11-06-21 07:19:30
ETH/USD,2432,2432.8,11-06-21 07:19:20
ETH/USD,2431.4,2432.8,11-06-21 07:19:10
ETH/USD,2432.6,2432.7,11-06-21 07:19:00
ETH/USD,2431.5,2431.9,11-06-21 07:18:50
ETH/USD,2430.1,2430.6,11-06-21 07:18:40
ETH/USD,2430.5,2430.8,11-06-21 07:18:30
ETH/USD,2428.8,2429.4,11-06-21 07:18:20
ETH/USD,2428,2428.5,11-06-21 07:18:10
ETH/USD,2428.1,2428.7,11-06-21 07:18:00
ETH/USD,2426.9,2428,11-06-21 07:17:50
ETH/USD,2426.6,2427.3,11-06-21 07:17:40
ETH/USD,2426,2426.9,11-06-21 07:17:30
ETH/USD,2426.6,2427.2,11-06-21 07:17:20
ETH/USD,2429.3,2429.4,11-06-21 07:17:10
ETH/USD,2425.9,2426.4,11-06-21 07:17:00
ETH/USD,2426.9,2427.3,11-06-21 07:16:50
ETH/USD,2426.2,2427.1,11-06-21 07:16:40
ETH/USD,2424.3,2424.8,11-06-21 07:16:30
ETH/USD,2424.8,2425.5,11-06-21 07:16:20
ETH/USD,2426.2,2427.1,11-06-21 07:16:10
ETH/USD,2426.3,2427.8,11-06-21 07:16:00
ETH/USD,2426.4,2427.3,11-06-21 07:15:50
ETH/USD,2424.3,2425.5,11-06-21 07:15:40
ETH/USD,2422.6,2423.1,11-06-21 07:15:30
ETH/USD,2422,2422.4,11-06-21 07:15:20
ETH/USD,2422.1,2422.7,11-06-21 07:15:10
ETH/USD,2422.3,2422.8,11-06-21 07:15:00
ETH/USD,2421.9,2422.3,11-06-21 07:14:50
ETH/USD,2422.2,2422.7,11-06-21 07:14:40
ETH/USD,2421,2422.1,11-06-21 07:14:30
ETH/USD,2421.1,2421.7,11-06-21 07:14:20
ETH/USD,2420.4,2421,11-06-21 07:14:10
ETH/USD,2420.1,2421.1,11-06-21 07:14:00
ETH/USD,2419.5,2420.8,11-06-21 07:13:50
ETH/USD,2419.4,2420.4,11-06-21 07:13:40
ETH/USD,2422.3,2422.7,11-06-21 07:13:30
ETH/USD,2421.2,2422,11-06-21 07:13:20
ETH/USD,2419.8,2420,11-06-21 07:13:10
ETH/USD,2419.1,2419.9,11-06-21 07:13:00
ETH/USD,2418.5,2419.8,11-06-21 07:12:50
ETH/USD,2420,2420.3,11-06-21 07:12:40
ETH/USD,2420.9,2421.5,11-06-21 07:12:30
ETH/USD,2421.1,2421.8,11-06-21 07:12:20
ETH/USD,2420.2,2421.2,11-06-21 07:12:10
ETH/USD,2419.7,2420.2,11-06-21 07:12:00
ETH/USD,2419.5,2420.5,11-06-21 07:11:50
ETH/USD,2418.9,2419.9,11-06-21 07:11:40
ETH/USD,2418.4,2418.9,11-06-21 07:11:30
ETH/USD,2420,2420.6,11-06-21 07:11:20
ETH/USD,2420.9,2421.6,11-06-21 07:11:10
ETH/USD,2421.1,2422,11-06-21 07:11:00
ETH/USD,2420.9,2421.8,11-06-21 07:10:50
ETH/USD,2419.8,2420.8,11-06-21 07:10:40
ETH/USD,2419.9,2420.5,11-06-21 07:10:30
ETH/USD,2419.6,2420.7,11-06-21 07:10:20
ETH/USD,2420,2420.8,11-06-21 07:10:10
ETH/USD,2419.6,2420.4,11-06-21 07:10:00
ETH/USD,2419.9,2420.5,11-06-21 07:09:50
ETH/USD,2419.5,2420.5,11-06-21 07:09:40
ETH/USD,2418.7,2419.8,11-06-21 07:09:30
ETH/USD,2417.8,2418.6,11-06-21 07:09:20
ETH/USD,2416.4,2417.5,11-06-21 07:09:10
ETH/USD,2415.9,2416.8,11-06-21 07:09:00
ETH/USD,2415.1,2415.7,11-06-21 07:08:50
ETH/USD,2416.3,2417.2,11-06-21 07:08:40
ETH/USD,2415.2,2416.3,11-06-21 07:08:30
ETH/USD,2416,2416.4,11-06-21 07:08:20
ETH/USD,2418.2,2418.9,11-06-21 07:08:10
ETH/USD,2419.2,2419.3,11-06-21 07:08:00
ETH/USD,2418.7,2419.6,11-06-21 07:07:50
ETH/USD,2419.2,2420,11-06-21 07:07:40
ETH/USD,2420.2,2420.5,11-06-21 07:07:30
ETH/USD,2419.3,2420.3,11-06-21 07:07:20
ETH/USD,2417.6,2418.4,11-06-21 07:07:10
ETH/USD,2417.4,2418.4,11-06-21 07:07:00
ETH/USD,2417.3,2418.3,11-06-21 07:06:50
ETH/USD,2416.3,2417.5,11-06-21 07:06:40
ETH/USD,2418,2418.8,11-06-21 07:06:30
ETH/USD,2417.9,2419.5,11-06-21 07:06:20
ETH/USD,2419.9,2421,11-06-21 07:06:10
ETH/USD,2418.9,2419.8,11-06-21 07:06:00
ETH/USD,2417,2418,11-06-21 07:05:50
ETH/USD,2417.4,2418.2,11-06-21 07:05:40
ETH/USD,2417.6,2419,11-06-21 07:05:30
ETH/USD,2419.4,2419.8,11-06-21 07:05:20
ETH/USD,2423.3,2424.8,11-06-21 07:05:10
ETH/USD,2421.2,2422.7,11-06-21 07:05:00
ETH/USD,2420.3,2421.1,11-06-21 07:04:50
ETH/USD,2419.4,2420.2,11-06-21 07:04:40
ETH/USD,2424.6,2425.3,11-06-21 07:04:30
ETH/USD,2424.6,2425,11-06-21 07:04:20
ETH/USD,2426,2426.6,11-06-21 07:04:10
ETH/USD,2427.2,2428.5,11-06-21 07:04:00
ETH/USD,2428.2,2429.1,11-06-21 07:03:50
ETH/USD,2429.3,2429.9,11-06-21 07:03:40
ETH/USD,2432.5,2432.8,11-06-21 07:03:30
ETH/USD,2432.1,2433,11-06-21 07:03:20
ETH/USD,2431.7,2432.4,11-06-21 07:03:10
ETH/USD,2430.1,2431.1,11-06-21 07:03:00
ETH/USD,2430.2,2430.6,11-06-21 07:02:50
ETH/USD,2433,2433.4,11-06-21 07:02:40
ETH/USD,2432.1,2433,11-06-21 07:02:30
ETH/USD,2432.5,2433.2,11-06-21 07:02:20
ETH/USD,2432.4,2433,11-06-21 07:02:10
ETH/USD,2431,2432.1,11-06-21 07:02:00
ETH/USD,2430,2430.8,11-06-21 07:01:50
ETH/USD,2428.9,2429.4,11-06-21 07:01:40
ETH/USD,2429.6,2429.9,11-06-21 07:01:30
ETH/USD,2429.9,2430.5,11-06-21 07:01:20
ETH/USD,2431,2431.3,11-06-21 07:01:10
ETH/USD,2432.1,2432.3,11-06-21 07:01:00
ETH/USD,2432,2432.5,11-06-21 07:00:50
ETH/USD,2431.6,2432.2,11-06-21 07:00:40
ETH/USD,2431.4,2432.2,11-06-21 07:00:30
ETH/USD,2431.9,2433,11-06-21 07:00:20
ETH/USD,2431.3,2431.6,11-06-21 07:00:10
ETH/USD,2427.9,2428.8,11-06-21 07:00:00
ETH/USD,2428.8,2429.6,11-06-21 06:59:50
ETH/USD,2429.3,2430.3,11-06-21 06:59:40
ETH/USD,2430.4,2431.2,11-06-21 06:59:30
ETH/USD,2428.3,2429.2,11-06-21 06:59:20
ETH/USD,2428.2,2429.5,11-06-21 06:59:10
ETH/USD,2426.4,2426.7,11-06-21 06:59:00
ETH/USD,2426.3,2427.1,11-06-21 06:58:50
ETH/USD,2427.3,2428.1,11-06-21 06:58:40
ETH/USD,2427.3,2428.3,11-06-21 06:58:30
ETH/USD,2428.6,2429.7,11-06-21 06:58:20
ETH/USD,2427.2,2428.5,11-06-21 06:58:10
ETH/USD,2426.6,2427.2,11-06-21 06:58:00
ETH/USD,2427.2,2427.9,11-06-21 06:57:50
ETH/USD,2429,2429.1,11-06-21 06:57:40
ETH/USD,2429.1,2429.9,11-06-21 06:57:30
ETH/USD,2429.1,2430.3,11-06-21 06:57:20
ETH/USD,2430,2430.1,11-06-21 06:57:10
ETH/USD,2431,2431.6,11-06-21 06:57:00
ETH/USD,2431.6,2432.2,11-06-21 06:56:50
ETH/USD,2431.4,2432.5,11-06-21 06:56:40
ETH/USD,2431.5,2432.2,11-06-21 06:56:30
ETH/USD,2431.7,2432.4,11-06-21 06:56:20
ETH/USD,2431.3,2432.1,11-06-21 06:56:10
ETH/USD,2431.5,2432.3,11-06-21 06:56:00
ETH/USD,2431.4,2432.4,11-06-21 06:55:50
ETH/USD,2431.5,2432.5,11-06-21 06:55:40
ETH/USD,2430.5,2430.8,11-06-21 06:55:30
ETH/USD,2430.8,2431.4,11-06-21 06:55:20
ETH/USD,2431.6,2432.5,11-06-21 06:55:10
ETH/USD,2433,2433.4,11-06-21 06:55:00
ETH/USD,2433.5,2434,11-06-21 06:54:50
ETH/USD,2434.5,2435.2,11-06-21 06:54:40
ETH/USD,2434.5,2435,11-06-21 06:54:30
ETH/USD,2433.9,2434,11-06-21 06:54:20
ETH/USD,2433.1,2434,11-06-21 06:54:10
ETH/USD,2433.3,2434,11-06-21 06:54:00
ETH/USD,2433.4,2434.3,11-06-21 06:53:50
ETH/USD,2432.4,2432.9,11-06-21 06:53:40
ETH/USD,2432.4,2433,11-06-21 06:53:30
ETH/USD,2433.5,2433.7,11-06-21 06:53:20
ETH/USD,2433.6,2434,11-06-21 06:53:10
ETH/USD,2434.5,2435.2,11-06-21 06:53:00
ETH/USD,2433.6,2434.4,11-06-21 06:52:50
ETH/USD,2434.2,2435.4,11-06-21 06:52:40
ETH/USD,2433.7,2434.9,11-06-21 06:52:30
ETH/USD,2434.7,2434.9,11-06-21 06:52:20
ETH/USD,2435.4,2436.3,11-06-21 06:52:10
ETH/USD,2434.4,2435.6,11-06-21 06:52:00
ETH/USD,2436,2436.8,11-06-21 06:51:50
ETH/USD,2434.7,2435.2,11-06-21 06:51:40
ETH/USD,2435,2435.9,11-06-21 06:51:30
ETH/USD,2434.3,2435.1,11-06-21 06:51:20
ETH/USD,2433.2,2433.8,11-06-21 06:51:10
ETH/USD,2433.9,2434.7,11-06-21 06:51:00
ETH/USD,2433.4,2434.3,11-06-21 06:50:50
ETH/USD,2433.6,2434.4,11-06-21 06:50:40
ETH/USD,2433.1,2433.3,11-06-21 06:50:30
ETH/USD,2433.1,2433.5,11-06-21 06:50:20
ETH/USD,2431.5,2432.7,11-06-21 06:50:10
ETH/USD,2432.6,2432.7,11-06-21 06:50:00
ETH/USD,2433.6,2434.1,11-06-21 06:49:50
ETH/USD,2434.1,2435.4,11-06-21 06:49:40
ETH/USD,2435.5,2436.8,11-06-21 06:49:30
ETH/USD,2435.6,2436.7,11-06-21 06:49:20
ETH/USD,2433.5,2434,11-06-21 06:49:10
ETH/USD,2433.5,2434.4,11-06-21 06:49:00
ETH/USD,2434.3,2435.2,11-06-21 06:48:50
ETH/USD,2434.4,2435.4,11-06-21 06:48:40
ETH/USD,2433.5,2433.9,11-06-21 06:48:30
ETH/USD,2434.5,2434.6,11-06-21 06:48:20
ETH/USD,2434,2434.7,11-06-21 06:48:10
ETH/USD,2434.5,2435.2,11-06-21 06:48:00
ETH/USD,2435.2,2436.1,11-06-21 06:47:50
ETH/USD,2436.7,2437.6,11-06-21 06:47:40
ETH/USD,2436.5,2437.6,11-06-21 06:47:30
ETH/USD,2435.6,2437,11-06-21 06:47:20
ETH/USD,2435.5,2436.5,11-06-21 06:47:10
ETH/USD,2436.4,2437.5,11-06-21 06:47:00
ETH/USD,2440,2440.7,11-06-21 06:46:50
ETH/USD,2439.9,2440.7,11-06-21 06:46:40
ETH/USD,2440.4,2441.9,11-06-21 06:46:30
ETH/USD,2439.1,2440,11-06-21 06:46:20
ETH/USD,2440,2441.2,11-06-21 06:46:10
ETH/USD,2441.6,2442.5,11-06-21 06:46:00
ETH/USD,2442.4,2443.4,11-06-21 06:45:50
ETH/USD,2441.8,2443,11-06-21 06:45:40
ETH/USD,2439.7,2440.8,11-06-21 06:45:30
ETH/USD,2439.6,2440.5,11-06-21 06:45:20
ETH/USD,2438,2439.4,11-06-21 06:45:10
ETH/USD,2436.7,2437.6,11-06-21 06:45:00
ETH/USD,2435.5,2437.1,11-06-21 06:44:50
ETH/USD,2435,2435.6,11-06-21 06:44:40
ETH/USD,2434.1,2434.8,11-06-21 06:44:30
ETH/USD,2434.9,2435.9,11-06-21 06:44:20
ETH/USD,2433.6,2434.8,11-06-21 06:44:10
ETH/USD,2436,2436.1,11-06-21 06:44:00
ETH/USD,2436.1,2436.6,11-06-21 06:43:50
ETH/USD,2436.4,2436.6,11-06-21 06:43:40
ETH/USD,2437.4,2438.7,11-06-21 06:43:30
ETH/USD,2437.8,2438.5,11-06-21 06:43:20
ETH/USD,2439.7,2440.4,11-06-21 06:43:10
ETH/USD,2439.2,2440.3,11-06-21 06:43:00
ETH/USD,2440.4,2441.1,11-06-21 06:42:50
ETH/USD,2443,2444,11-06-21 06:42:40
ETH/USD,2442.4,2443.6,11-06-21 06:42:30
ETH/USD,2440.4,2441.3,11-06-21 06:42:20
ETH/USD,2440,2441,11-06-21 06:42:10
ETH/USD,2440.1,2440.9,11-06-21 06:42:00
ETH/USD,2439.6,2440.6,11-06-21 06:41:50
ETH/USD,2438.1,2438.9,11-06-21 06:41:40
ETH/USD,2438,2438.7,11-06-21 06:41:30
ETH/USD,2436.4,2437.1,11-06-21 06:41:20
ETH/USD,2436.5,2437.3,11-06-21 06:41:10
ETH/USD,2436.5,2437,11-06-21 06:41:00
ETH/USD,2436.5,2436.8,11-06-21 06:40:50
ETH/USD,2437.9,2438.2,11-06-21 06:40:40
ETH/USD,2438,2439.2,11-06-21 06:40:30
ETH/USD,2439.1,2439.9,11-06-21 06:40:20
ETH/USD,2439,2439.8,11-06-21 06:40:10
ETH/USD,2438.2,2438.5,11-06-21 06:40:00
ETH/USD,2439,2439.6,11-06-21 06:39:50
ETH/USD,2440.6,2440.8,11-06-21 06:39:40
ETH/USD,2440.7,2441.3,11-06-21 06:39:30
ETH/USD,2443.3,2443.6,11-06-21 06:39:20
ETH/USD,2443.3,2443.6,11-06-21 06:39:10
ETH/USD,2443.3,2443.6,11-06-21 06:39:00
ETH/USD,2443.3,2443.8,11-06-21 06:38:50
ETH/USD,2443.3,2443.5,11-06-21 06:38:40
ETH/USD,2442.9,2444.1,11-06-21 06:38:30
ETH/USD,2442.3,2443.6,11-06-21 06:38:20
ETH/USD,2443.3,2444.1,11-06-21 06:38:10
ETH/USD,2442.2,2442.6,11-06-21 06:38:00
ETH/USD,2442.6,2442.9,11-06-21 06:37:50
ETH/USD,2442.5,2442.8,11-06-21 06:37:40
ETH/USD,2441.5,2442.6,11-06-21 06:37:30
ETH/USD,2442.7,2443.2,11-06-21 06:37:20
ETH/USD,2444,2444.1,11-06-21 06:37:10
ETH/USD,2444,2444.5,11-06-21 06:37:00
ETH/USD,2444,2444.2,11-06-21 06:36:50
ETH/USD,2445.2,2445.9,11-06-21 06:36:40
ETH/USD,2445.4,2446.1,11-06-21 06:36:30
ETH/USD,2444.7,2445.7,11-06-21 06:36:20
ETH/USD,2444,2444.4,11-06-21 06:36:10
ETH/USD,2444,2444.3,11-06-21 06:36:00
ETH/USD,2444.7,2445.7,11-06-21 06:35:50
ETH/USD,2446.1,2446.3,11-06-21 06:35:40
ETH/USD,2446.4,2446.9,11-06-21 06:35:30
ETH/USD,2446.1,2446.5,11-06-21 06:35:20
ETH/USD,2446.1,2447,11-06-21 06:35:10
ETH/USD,2445.4,2446.2,11-06-21 06:35:00
ETH/USD,2444.8,2445.2,11-06-21 06:34:50
ETH/USD,2444.3,2444.5,11-06-21 06:34:40
ETH/USD,2444.3,2444.5,11-06-21 06:34:30
ETH/USD,2445.3,2446,11-06-21 06:34:20
ETH/USD,2444.9,2445.4,11-06-21 06:34:10
ETH/USD,2445.9,2446.4,11-06-21 06:34:00
ETH/USD,2446.4,2446.9,11-06-21 06:33:50
ETH/USD,2446.5,2446.9,11-06-21 06:33:40
ETH/USD,2445.7,2446.2,11-06-21 06:33:30
ETH/USD,2445.7,2446.4,11-06-21 06:33:20
ETH/USD,2446.2,2447,11-06-21 06:33:10
ETH/USD,2446.8,2447.1,11-06-21 06:33:00
ETH/USD,2445.1,2446.5,11-06-21 06:32:50
ETH/USD,2447,2447.2,11-06-21 06:32:40
ETH/USD,2446.7,2446.9,11-06-21 06:32:30
ETH/USD,2446.6,2446.9,11-06-21 06:32:20
ETH/USD,2446.3,2446.7,11-06-21 06:32:10
ETH/USD,2446.3,2447,11-06-21 06:32:00
ETH/USD,2445.9,2446.7,11-06-21 06:31:50
ETH/USD,2445,2445.7,11-06-21 06:31:40
ETH/USD,2446.1,2446.7,11-06-21 06:31:30
ETH/USD,2445.4,2446.3,11-06-21 06:31:20
ETH/USD,2445.3,2446.5,11-06-21 06:31:10
ETH/USD,2444.5,2445,11-06-21 06:31:00
ETH/USD,2444,2445,11-06-21 06:30:50
ETH/USD,2443.1,2443.7,11-06-21 06:30:40
ETH/USD,2443.1,2443.8,11-06-21 06:30:30
ETH/USD,2441.5,2442.6,11-06-21 06:30:20
ETH/USD,2441.3,2442.3,11-06-21 06:30:10
ETH/USD,2441.8,2442.6,11-06-21 06:30:00
ETH/USD,2441.4,2442.3,11-06-21 06:29:50
ETH/USD,2442.3,2443.2,11-06-21 06:29:40
ETH/USD,2442.9,2443.9,11-06-21 06:29:30
ETH/USD,2443,2443.9,11-06-21 06:29:20
ETH/USD,2443.4,2444,11-06-21 06:29:10
ETH/USD,2444.7,2445,11-06-21 06:29:00
ETH/USD,2444.3,2445,11-06-21 06:28:50
ETH/USD,2443.7,2444.8,11-06-21 06:28:40
ETH/USD,2444.1,2444.8,11-06-21 06:28:30
ETH/USD,2444.1,2444.8,11-06-21 06:28:20
ETH/USD,2443.7,2444.8,11-06-21 06:28:10
ETH/USD,2442.2,2443.6,11-06-21 06:28:00
ETH/USD,2442.5,2443.5,11-06-21 06:27:50
ETH/USD,2442.9,2443.9,11-06-21 06:27:40
ETH/USD,2444.1,2444.9,11-06-21 06:27:30
ETH/USD,2444,2444.6,11-06-21 06:27:20
ETH/USD,2444.9,2445.7,11-06-21 06:27:10
ETH/USD,2445.3,2446.6,11-06-21 06:27:00
ETH/USD,2445.6,2446.6,11-06-21 06:26:50
ETH/USD,2445.6,2446.4,11-06-21 06:26:40
ETH/USD,2445.4,2445.6,11-06-21 06:26:30
ETH/USD,2445.7,2446.5,11-06-21 06:26:20
ETH/USD,2445.5,2446.4,11-06-21 06:26:10
ETH/USD,2446.1,2446.8,11-06-21 06:26:00
ETH/USD,2446.1,2447.1,11-06-21 06:25:50
ETH/USD,2445.4,2446.2,11-06-21 06:25:40
ETH/USD,2445.1,2446.1,11-06-21 06:25:30
ETH/USD,2445.1,2445.9,11-06-21 06:25:20
ETH/USD,2443.6,2444.6,11-06-21 06:25:10
ETH/USD,2442,2443.3,11-06-21 06:25:00
ETH/USD,2441.8,2443.1,11-06-21 06:24:50
ETH/USD,2442.4,2443.2,11-06-21 06:24:40
ETH/USD,2442.3,2443.3,11-06-21 06:24:30
ETH/USD,2445.2,2445.9,11-06-21 06:24:20
ETH/USD,2443.2,2444,11-06-21 06:24:10
ETH/USD,2442.5,2443.6,11-06-21 06:24:00
ETH/USD,2442.9,2444.1,11-06-21 06:23:50
ETH/USD,2443.1,2444.2,11-06-21 06:23:40
ETH/USD,2442.2,2443,11-06-21 06:23:30
ETH/USD,2440.8,2441.4,11-06-21 06:23:20
ETH/USD,2440.7,2441.3,11-06-21 06:23:10
ETH/USD,2443,2443.1,11-06-21 06:23:00
ETH/USD,2444.4,2444.9,11-06-21 06:22:50
ETH/USD,2445.1,2445.7,11-06-21 06:22:40
ETH/USD,2445.7,2446.6,11-06-21 06:22:30
ETH/USD,2447.5,2448.7,11-06-21 06:22:20
ETH/USD,2445.6,2446.6,11-06-21 06:22:10
ETH/USD,2445.3,2446,11-06-21 06:22:00
ETH/USD,2445.1,2446,11-06-21 06:21:50
ETH/USD,2445.6,2446.8,11-06-21 06:21:40
ETH/USD,2445.4,2446,11-06-21 06:21:30
ETH/USD,2445.9,2446.7,11-06-21 06:21:20
ETH/USD,2445.2,2446.2,11-06-21 06:21:10
ETH/USD,2446.4,2446.6,11-06-21 06:21:00
ETH/USD,2446.8,2447.7,11-06-21 06:20:50
ETH/USD,2446.9,2447.8,11-06-21 06:20:40
ETH/USD,2446.1,2447.2,11-06-21 06:20:30
ETH/USD,2443,2444.4,11-06-21 06:20:20
ETH/USD,2444.6,2445.8,11-06-21 06:20:10
ETH/USD,2447.7,2448.4,11-06-21 06:20:00
ETH/USD,2447.9,2448.9,11-06-21 06:19:50
ETH/USD,2447.2,2448.4,11-06-21 06:19:40
ETH/USD,2446.6,2447.5,11-06-21 06:19:30
ETH/USD,2448,2449.4,11-06-21 06:19:20
ETH/USD,2449.5,2449.7,11-06-21 06:19:10
ETH/USD,2449,2449.5,11-06-21 06:19:00
ETH/USD,2449,2449.6,11-06-21 06:18:50
ETH/USD,2448.8,2450.1,11-06-21 06:18:40
ETH/USD,2448.6,2449.1,11-06-21 06:18:30
ETH/USD,2448.3,2448.7,11-06-21 06:18:20
ETH/USD,2448.2,2448.6,11-06-21 06:18:10
ETH/USD,2448,2449.2,11-06-21 06:18:00
ETH/USD,2450.3,2451.4,11-06-21 06:17:50
ETH/USD,2447.8,2449.5,11-06-21 06:17:40
ETH/USD,2448.6,2450,11-06-21 06:17:30
ETH/USD,2447.8,2448.6,11-06-21 06:17:20
ETH/USD,2445,2445.7,11-06-21 06:17:10
ETH/USD,2444,2444.8,11-06-21 06:17:00
ETH/USD,2445.4,2446,11-06-21 06:16:50
ETH/USD,2446.7,2447.6,11-06-21 06:16:40
ETH/USD,2444.7,2445.7,11-06-21 06:16:30
ETH/USD,2446.2,2446.3,11-06-21 06:16:20
ETH/USD,2447.9,2448.7,11-06-21 06:16:10
ETH/USD,2449.9,2451,11-06-21 06:16:00
ETH/USD,2452.3,2452.4,11-06-21 06:15:50
ETH/USD,2453.6,2454.5,11-06-21 06:15:40
ETH/USD,2454.9,2455.6,11-06-21 06:15:30
ETH/USD,2454.5,2455,11-06-21 06:15:20
ETH/USD,2453.5,2454.3,11-06-21 06:15:10
ETH/USD,2453.4,2454,11-06-21 06:15:00
ETH/USD,2453.4,2454.3,11-06-21 06:14:50
ETH/USD,2453.7,2454.2,11-06-21 06:14:40
ETH/USD,2453.6,2454.2,11-06-21 06:14:30
ETH/USD,2453.6,2454.5,11-06-21 06:14:20
ETH/USD,2454.2,2454.8,11-06-21 06:14:10
ETH/USD,2454.9,2455.6,11-06-21 06:14:00
ETH/USD,2455,2455.7,11-06-21 06:13:50
ETH/USD,2454.2,2455.2,11-06-21 06:13:40
ETH/USD,2454.3,2455,11-06-21 06:13:30
ETH/USD,2455.5,2456,11-06-21 06:13:20
ETH/USD,2455.6,2455.9,11-06-21 06:13:10
ETH/USD,2455,2455.6,11-06-21 06:13:00
ETH/USD,2455.2,2455.6,11-06-21 06:12:50
ETH/USD,2454.9,2455.5,11-06-21 06:12:40
ETH/USD,2453.3,2453.8,11-06-21 06:12:30
ETH/USD,2453.2,2453.6,11-06-21 06:12:20
ETH/USD,2453.3,2453.6,11-06-21 06:12:10
ETH/USD,2454.7,2455.1,11-06-21 06:12:00
ETH/USD,2455.1,2455.3,11-06-21 06:11:50
ETH/USD,2455.1,2455.3,11-06-21 06:11:40
ETH/USD,2454.2,2455.2,11-06-21 06:11:30
ETH/USD,2453.7,2453.8,11-06-21 06:11:20
ETH/USD,2453.8,2454.1,11-06-21 06:11:10
ETH/USD,2453.1,2453.5,11-06-21 06:11:00
ETH/USD,2452.5,2452.8,11-06-21 06:10:50
ETH/USD,2454.5,2455,11-06-21 06:10:40
ETH/USD,2455,2455.4,11-06-21 06:10:30
ETH/USD,2453.4,2453.8,11-06-21 06:10:20
ETH/USD,2452.5,2453.5,11-06-21 06:10:10
ETH/USD,2449.7,2450.3,11-06-21 06:10:00
ETH/USD,2448.4,2449.6,11-06-21 06:09:50
ETH/USD,2451.6,2452.3,11-06-21 06:09:40
ETH/USD,2454.4,2454.6,11-06-21 06:09:30
ETH/USD,2455.4,2456,11-06-21 06:09:20
ETH/USD,2454.8,2455.8,11-06-21 06:09:10
ETH/USD,2454.3,2454.8,11-06-21 06:09:00
ETH/USD,2452.1,2452.6,11-06-21 06:08:50
ETH/USD,2452.1,2452.4,11-06-21 06:08:40
ETH/USD,2451.9,2452.7,11-06-21 06:08:30
ETH/USD,2454.2,2454.4,11-06-21 06:08:20
ETH/USD,2453.3,2454.6,11-06-21 06:08:10
ETH/USD,2454.6,2455.6,11-06-21 06:08:00
ETH/USD,2453.1,2454.1,11-06-21 06:07:50
ETH/USD,2451.5,2452.8,11-06-21 06:07:40
ETH/USD,2451.5,2452,11-06-21 06:07:30
ETH/USD,2453.2,2453.4,11-06-21 06:07:20
ETH/USD,2453.5,2453.8,11-06-21 06:07:10
ETH/USD,2454.5,2455.1,11-06-21 06:07:00
ETH/USD,2453.9,2455.1,11-06-21 06:06:50
ETH/USD,2452.2,2453.4,11-06-21 06:06:40
ETH/USD,2451.5,2453,11-06-21 06:06:30
ETH/USD,2451.2,2452.2,11-06-21 06:06:20
ETH/USD,2449.8,2451.4,11-06-21 06:06:10
ETH/USD,2450,2450.9,11-06-21 06:06:00
ETH/USD,2450.3,2451.3,11-06-21 06:05:50
ETH/USD,2453.1,2454,11-06-21 06:05:40
ETH/USD,2451.9,2453.1,11-06-21 06:05:30
ETH/USD,2451.8,2453,11-06-21 06:05:20
ETH/USD,2452,2453.5,11-06-21 06:05:10
ETH/USD,2452.9,2454,11-06-21 06:05:00
ETH/USD,2453.6,2455,11-06-21 06:04:50
ETH/USD,2452.7,2453.9,11-06-21 06:04:40
ETH/USD,2450.8,2451.6,11-06-21 06:04:30
ETH/USD,2450.8,2452.3,11-06-21 06:04:20
ETH/USD,2450.8,2451.8,11-06-21 06:04:10
ETH/USD,2449.9,2450.4,11-06-21 06:04:00
ETH/USD,2451.4,2453,11-06-21 06:03:50
ETH/USD,2449.9,2451.5,11-06-21 06:03:40
ETH/USD,2454.9,2456.6,11-06-21 06:03:30
ETH/USD,2452.5,2453.9,11-06-21 06:03:20
ETH/USD,2448.3,2450.4,11-06-21 06:03:10
ETH/USD,2450.6,2452.4,11-06-21 06:03:00
ETH/USD,2450.3,2452,11-06-21 06:02:50
ETH/USD,2451.2,2452.3,11-06-21 06:02:40
ETH/USD,2450,2451.9,11-06-21 06:02:30
ETH/USD,2451.3,2453,11-06-21 06:02:20
ETH/USD,2457,2458,11-06-21 06:02:10
ETH/USD,2456.9,2457.9,11-06-21 06:02:00
ETH/USD,2453.1,2454.8,11-06-21 06:01:50
ETH/USD,2456.1,2456.8,11-06-21 06:01:40
ETH/USD,2461.9,2463.3,11-06-21 06:01:30
ETH/USD,2463.4,2464.4,11-06-21 06:01:20
ETH/USD,2464.6,2465.5,11-06-21 06:01:10
ETH/USD,2465.6,2466.1,11-06-21 06:01:00
ETH/USD,2467.2,2467.9,11-06-21 06:00:50
ETH/USD,2467.3,2468,11-06-21 06:00:40
ETH/USD,2467.7,2468.6,11-06-21 06:00:30
ETH/USD,2467.6,2468.7,11-06-21 06:00:20
ETH/USD,2466.9,2468,11-06-21 06:00:10
ETH/USD,2464.1,2465.2,11-06-21 06:00:00
ETH/USD,2464,2465.1,11-06-21 05:59:50
ETH/USD,2463.8,2464.8,11-06-21 05:59:40
ETH/USD,2464.9,2466,11-06-21 05:59:30
ETH/USD,2464.9,2466,11-06-21 05:59:20
ETH/USD,2466.4,2467.1,11-06-21 05:59:10
ETH/USD,2467.8,2468.8,11-06-21 05:59:00
ETH/USD,2467,2468.7,11-06-21 05:58:50
ETH/USD,2468.6,2469.8,11-06-21 05:58:40
ETH/USD,2468.7,2469.9,11-06-21 05:58:30
ETH/USD,2469.4,2470.7,11-06-21 05:58:20
ETH/USD,2468.4,2469.2,11-06-21 05:58:10
ETH/USD,2468.3,2469.2,11-06-21 05:58:00
ETH/USD,2468.8,2469.5,11-06-21 05:57:50
ETH/USD,2470.6,2471.4,11-06-21 05:57:40
ETH/USD,2469.6,2470.7,11-06-21 05:57:30
ETH/USD,2469.7,2470.7,11-06-21 05:57:20
ETH/USD,2469.6,2470.6,11-06-21 05:57:10
ETH/USD,2467.7,2468.5,11-06-21 05:57:00
ETH/USD,2467.9,2468.8,11-06-21 05:56:50
ETH/USD,2467.6,2468.5,11-06-21 05:56:40
ETH/USD,2469,2470,11-06-21 05:56:30
ETH/USD,2468.4,2469.5,11-06-21 05:56:20
ETH/USD,2468.6,2470,11-06-21 05:56:10
ETH/USD,2471.6,2472.4,11-06-21 05:56:00
ETH/USD,2471.6,2472.1,11-06-21 05:55:50
ETH/USD,2471.3,2472.5,11-06-21 05:55:40
ETH/USD,2471.5,2472.3,11-06-21 05:55:30
ETH/USD,2468.9,2469.9,11-06-21 05:55:20
ETH/USD,2468.6,2469.9,11-06-21 05:55:10
ETH/USD,2468.3,2469.4,11-06-21 05:55:00
ETH/USD,2467.4,2468.1,11-06-21 05:54:50
ETH/USD,2467.7,2468.3,11-06-21 05:54:40
ETH/USD,2468.5,2468.8,11-06-21 05:54:30
ETH/USD,2468.5,2468.9,11-06-21 05:54:20
ETH/USD,2468.5,2469.2,11-06-21 05:54:10
ETH/USD,2468.7,2469.5,11-06-21 05:54:00
ETH/USD,2468.5,2469.4,11-06-21 05:53:50
ETH/USD,2468.8,2469.8,11-06-21 05:53:40
ETH/USD,2467.6,2469,11-06-21 05:53:30
ETH/USD,2466.4,2467.3,11-06-21 05:53:20
ETH/USD,2467.8,2468.1,11-06-21 05:53:10
ETH/USD,2469.6,2470.5,11-06-21 05:53:00
ETH/USD,2469.8,2470.3,11-06-21 05:52:50
ETH/USD,2469.8,2470.2,11-06-21 05:52:40
ETH/USD,2471,2471.2,11-06-21 05:52:30
ETH/USD,2473.4,2474,11-06-21 05:52:20
ETH/USD,2473.4,2474,11-06-21 05:52:10
ETH/USD,2473.4,2474.3,11-06-21 05:52:00
ETH/USD,2473,2474,11-06-21 05:51:50
ETH/USD,2472.9,2473.5,11-06-21 05:51:40
ETH/USD,2472.5,2474,11-06-21 05:51:30
ETH/USD,2470.5,2471.6,11-06-21 05:51:20
ETH/USD,2470.6,2472,11-06-21 05:51:10
ETH/USD,2468.7,2469.6,11-06-21 05:51:00
ETH/USD,2469.8,2471.1,11-06-21 05:50:50
ETH/USD,2469.9,2471,11-06-21 05:50:40
ETH/USD,2470.2,2471,11-06-21 05:50:30
ETH/USD,2471,2472,11-06-21 05:50:20
ETH/USD,2473.7,2474.4,11-06-21 05:50:10
ETH/USD,2474.3,2475.3,11-06-21 05:50:00
ETH/USD,2474.2,2475.3,11-06-21 05:49:50
ETH/USD,2476,2476.6,11-06-21 05:49:40
ETH/USD,2475.9,2476.8,11-06-21 05:49:30
ETH/USD,2475.6,2476.5,11-06-21 05:49:20
ETH/USD,2475,2476.1,11-06-21 05:49:10
ETH/USD,2473.8,2474.8,11-06-21 05:49:00
ETH/USD,2475,2475.8,11-06-21 05:48:50
ETH/USD,2475.7,2476.7,11-06-21 05:48:40
ETH/USD,2474.4,2475.3,11-06-21 05:48:30
ETH/USD,2473.1,2473.8,11-06-21 05:48:20
ETH/USD,2473.2,2474.1,11-06-21 05:48:10
ETH/USD,2472.9,2473.8,11-06-21 05:48:00
ETH/USD,2472.7,2473.3,11-06-21 05:47:50
ETH/USD,2473.7,2474.8,11-06-21 05:47:40
ETH/USD,2474.5,2475.5,11-06-21 05:47:30
ETH/USD,2474.4,2475.7,11-06-21 05:47:20
ETH/USD,2473.7,2474.6,11-06-21 05:47:10
ETH/USD,2476.7,2477.8,11-06-21 05:47:00
ETH/USD,2476.6,2477,11-06-21 05:46:50
ETH/USD,2476.6,2477.3,11-06-21 05:46:40
ETH/USD,2476.7,2477.8,11-06-21 05:46:30
ETH/USD,2475.8,2476.7,11-06-21 05:46:20
ETH/USD,2475.3,2476,11-06-21 05:46:10
ETH/USD,2477.8,2478.3,11-06-21 05:46:00
ETH/USD,2477.6,2478.3,11-06-21 05:45:50
ETH/USD,2476.9,2478.4,11-06-21 05:45:40
ETH/USD,2477,2478.1,11-06-21 05:45:30
ETH/USD,2476,2476.9,11-06-21 05:45:20
ETH/USD,2475.5,2476.7,11-06-21 05:45:10
ETH/USD,2474,2474.5,11-06-21 05:45:00
ETH/USD,2475.3,2476.5,11-06-21 05:44:50
ETH/USD,2476.2,2476.4,11-06-21 05:44:40
ETH/USD,2476.6,2477,11-06-21 05:44:30
ETH/USD,2476.6,2477.3,11-06-21 05:44:20
ETH/USD,2476.6,2476.9,11-06-21 05:44:10
ETH/USD,2478.2,2479.2,11-06-21 05:44:00
ETH/USD,2478,2479.1,11-06-21 05:43:50
ETH/USD,2477.1,2478.1,11-06-21 05:43:40
ETH/USD,2477,2477.6,11-06-21 05:43:30
ETH/USD,2477.3,2478.4,11-06-21 05:43:20
ETH/USD,2478.5,2479.3,11-06-21 05:43:10
ETH/USD,2477.9,2479.3,11-06-21 05:43:00
ETH/USD,2477.2,2478.4,11-06-21 05:42:50
ETH/USD,2478.3,2479.3,11-06-21 05:42:40
ETH/USD,2477.5,2478.8,11-06-21 05:42:30
ETH/USD,2476.9,2477.8,11-06-21 05:42:20
ETH/USD,2476.8,2477.5,11-06-21 05:42:10
ETH/USD,2475.9,2476.9,11-06-21 05:42:00
ETH/USD,2475.8,2477.2,11-06-21 05:41:50
ETH/USD,2475.6,2476.9,11-06-21 05:41:40
ETH/USD,2475.1,2476.2,11-06-21 05:41:30
ETH/USD,2473.9,2475,11-06-21 05:41:20
ETH/USD,2475,2475.7,11-06-21 05:41:10
ETH/USD,2476.5,2477.1,11-06-21 05:41:00
ETH/USD,2476.7,2477.4,11-06-21 05:40:50
ETH/USD,2476.4,2477.2,11-06-21 05:40:40
ETH/USD,2476.4,2477.3,11-06-21 05:40:30
ETH/USD,2476.1,2477.4,11-06-21 05:40:20
ETH/USD,2476.3,2477.2,11-06-21 05:40:10
ETH/USD,2475.4,2476.4,11-06-21 05:40:00
ETH/USD,2474.4,2475.9,11-06-21 05:39:50
ETH/USD,2474.4,2474.9,11-06-21 05:39:41
ETH/USD,2474.3,2475.7,11-06-21 05:39:30
ETH/USD,2473.8,2475,11-06-21 05:39:20
ETH/USD,2475.4,2476.4,11-06-21 05:39:10
ETH/USD,2476.3,2477.2,11-06-21 05:39:00
ETH/USD,2474.1,2475.6,11-06-21 05:38:50
ETH/USD,2473.1,2474,11-06-21 05:38:40
ETH/USD,2472.9,2473.6,11-06-21 05:38:30
ETH/USD,2472.8,2473,11-06-21 05:38:20
ETH/USD,2472.2,2473,11-06-21 05:38:10
ETH/USD,2472.7,2473,11-06-21 05:38:00
ETH/USD,2472.4,2473,11-06-21 05:37:50
ETH/USD,2472.4,2473,11-06-21 05:37:40
ETH/USD,2470.2,2470.8,11-06-21 05:37:30
ETH/USD,2470.4,2471,11-06-21 05:37:20
ETH/USD,2470.2,2471.1,11-06-21 05:37:10
ETH/USD,2471,2472.1,11-06-21 05:37:00
ETH/USD,2469.5,2470.4,11-06-21 05:36:50
ETH/USD,2469.5,2470,11-06-21 05:36:40
ETH/USD,2468.7,2469.2,11-06-21 05:36:30
ETH/USD,2468.2,2469.2,11-06-21 05:36:20
ETH/USD,2467.9,2469,11-06-21 05:36:10
ETH/USD,2467.5,2468.8,11-06-21 05:36:00
ETH/USD,2466.3,2467.2,11-06-21 05:35:50
ETH/USD,2466.3,2466.8,11-06-21 05:35:40
ETH/USD,2465,2466.1,11-06-21 05:35:30
ETH/USD,2466,2466.3,11-06-21 05:35:20
ETH/USD,2469.1,2470.3,11-06-21 05:35:10
ETH/USD,2466.8,2467.9,11-06-21 05:35:00
ETH/USD,2467.1,2468,11-06-21 05:34:50
ETH/USD,2466.8,2467.6,11-06-21 05:34:40
ETH/USD,2469.2,2470.4,11-06-21 05:34:30
ETH/USD,2469.5,2470.8,11-06-21 05:34:20
ETH/USD,2471.5,2472.4,11-06-21 05:34:10
ETH/USD,2471.2,2472.2,11-06-21 05:34:00
ETH/USD,2471.7,2472.8,11-06-21 05:33:50
ETH/USD,2471.9,2472.7,11-06-21 05:33:40
ETH/USD,2469.6,2470.3,11-06-21 05:33:30
ETH/USD,2468,2469.5,11-06-21 05:33:20
ETH/USD,2469.5,2470.9,11-06-21 05:33:10
ETH/USD,2471.7,2472.6,11-06-21 05:33:00
ETH/USD,2472.2,2473.2,11-06-21 05:32:50
ETH/USD,2470.2,2471.4,11-06-21 05:32:40
ETH/USD,2472.7,2473.8,11-06-21 05:32:30
ETH/USD,2472.6,2473.9,11-06-21 05:32:20
ETH/USD,2473,2474,11-06-21 05:32:10
ETH/USD,2473.2,2474,11-06-21 05:32:00
ETH/USD,2475.6,2475.8,11-06-21 05:31:50
ETH/USD,2475.7,2476.7,11-06-21 05:31:40
ETH/USD,2475.5,2476.4,11-06-21 05:31:30
ETH/USD,2478.6,2478.8,11-06-21 05:31:20
ETH/USD,2477.5,2478.5,11-06-21 05:31:10
ETH/USD,2477.7,2478.5,11-06-21 05:31:00
ETH/USD,2475.9,2476.4,11-06-21 05:30:50
ETH/USD,2474.3,2474.9,11-06-21 05:30:40
ETH/USD,2475,2475.3,11-06-21 05:30:30
ETH/USD,2475.1,2476,11-06-21 05:30:20
ETH/USD,2473.5,2474.5,11-06-21 05:30:10
ETH/USD,2472.8,2474,11-06-21 05:30:00
ETH/USD,2473.3,2474,11-06-21 05:29:50
ETH/USD,2473,2473.8,11-06-21 05:29:40
ETH/USD,2473.3,2474.6,11-06-21 05:29:30
ETH/USD,2472.7,2473.5,11-06-21 05:29:20
ETH/USD,2472.5,2473.5,11-06-21 05:29:10
ETH/USD,2473.8,2474.8,11-06-21 05:29:00
ETH/USD,2474.8,2475.5,11-06-21 05:28:50
ETH/USD,2474.2,2475.5,11-06-21 05:28:40
ETH/USD,2475.3,2476.1,11-06-21 05:28:30
ETH/USD,2475.3,2476.2,11-06-21 05:28:20
ETH/USD,2476,2477.1,11-06-21 05:28:10
ETH/USD,2474.2,2474.8,11-06-21 05:28:00
ETH/USD,2474.8,2476,11-06-21 05:27:50
ETH/USD,2474.2,2474.6,11-06-21 05:27:40
ETH/USD,2474.5,2475.4,11-06-21 05:27:30
ETH/USD,2472.5,2473.8,11-06-21 05:27:20
ETH/USD,2473.7,2474.4,11-06-21 05:27:10
ETH/USD,2475.3,2475.7,11-06-21 05:27:00
ETH/USD,2475.4,2476.1,11-06-21 05:26:50
ETH/USD,2475.3,2475.9,11-06-21 05:26:40
ETH/USD,2475.8,2476.6,11-06-21 05:26:30
ETH/USD,2475.3,2475.4,11-06-21 05:26:20
ETH/USD,2474.8,2475.4,11-06-21 05:26:10
ETH/USD,2474.5,2475.4,11-06-21 05:26:00
ETH/USD,2474.4,2475.5,11-06-21 05:25:50
ETH/USD,2474.4,2475.2,11-06-21 05:25:40
ETH/USD,2475.3,2476,11-06-21 05:25:30
ETH/USD,2475.5,2476.4,11-06-21 05:25:20
ETH/USD,2475.5,2476.3,11-06-21 05:25:10
ETH/USD,2474.7,2475.8,11-06-21 05:25:00
ETH/USD,2476.3,2476.8,11-06-21 05:24:50
ETH/USD,2476.3,2476.8,11-06-21 05:24:40
ETH/USD,2476.3,2477.3,11-06-21 05:24:30
ETH/USD,2476.8,2478.1,11-06-21 05:24:20
ETH/USD,2476.1,2476.9,11-06-21 05:24:10
ETH/USD,2475.5,2476.3,11-06-21 05:24:00
ETH/USD,2475.6,2476.9,11-06-21 05:23:50
ETH/USD,2474.9,2475.6,11-06-21 05:23:40
ETH/USD,2476.4,2477.2,11-06-21 05:23:30
ETH/USD,2476.3,2477.5,11-06-21 05:23:20
ETH/USD,2474.9,2476.1,11-06-21 05:23:10
ETH/USD,2472.9,2473,11-06-21 05:23:00
ETH/USD,2475,2475.7,11-06-21 05:22:50
ETH/USD,2475.9,2476.1,11-06-21 05:22:40
ETH/USD,2475.9,2477,11-06-21 05:22:30
ETH/USD,2476.3,2477.1,11-06-21 05:22:20
ETH/USD,2475.9,2476.5,11-06-21 05:22:10
ETH/USD,2475.1,2475.7,11-06-21 05:22:00
ETH/USD,2474.9,2475.8,11-06-21 05:21:50
ETH/USD,2475.1,2475.9,11-06-21 05:21:40
ETH/USD,2474.4,2475.4,11-06-21 05:21:30
ETH/USD,2475.4,2476.3,11-06-21 05:21:20
ETH/USD,2475.4,2476.7,11-06-21 05:21:10
ETH/USD,2476.7,2477.8,11-06-21 05:21:00
ETH/USD,2476.8,2477.7,11-06-21 05:20:50
ETH/USD,2475.5,2475.9,11-06-21 05:20:40
ETH/USD,2475.4,2476.5,11-06-21 05:20:30
ETH/USD,2475.1,2476.3,11-06-21 05:20:20
ETH/USD,2476.2,2477.2,11-06-21 05:20:10
ETH/USD,2477.7,2479,11-06-21 05:20:00
ETH/USD,2477.7,2479,11-06-21 05:19:50
ETH/USD,2478.4,2479.4,11-06-21 05:19:40
ETH/USD,2479.5,2480.6,11-06-21 05:19:30
ETH/USD,2477.5,2478.6,11-06-21 05:19:20
ETH/USD,2478.9,2479.1,11-06-21 05:19:10
ETH/USD,2479.3,2479.6,11-06-21 05:19:00
ETH/USD,2480,2480.2,11-06-21 05:18:50
ETH/USD,2480.3,2481.2,11-06-21 05:18:40
ETH/USD,2481.6,2481.7,11-06-21 05:18:30
ETH/USD,2481.2,2481.8,11-06-21 05:18:20
ETH/USD,2481.4,2482.2,11-06-21 05:18:10
ETH/USD,2482,2482.4,11-06-21 05:18:00
ETH/USD,2481.4,2482.5,11-06-21 05:17:50
ETH/USD,2482.4,2484,11-06-21 05:17:40
ETH/USD,2483.8,2485.1,11-06-21 05:17:30
ETH/USD,2484.9,2485.6,11-06-21 05:17:20
ETH/USD,2485.1,2486.1,11-06-21 05:17:10
ETH/USD,2486.3,2487.6,11-06-21 05:17:00
ETH/USD,2486.2,2486.8,11-06-21 05:16:50
ETH/USD,2485.7,2487.2,11-06-21 05:16:40
ETH/USD,2483.9,2484.7,11-06-21 05:16:30
ETH/USD,2483.4,2483.5,11-06-21 05:16:20
ETH/USD,2481.1,2481.8,11-06-21 05:16:10
ETH/USD,2480.4,2481.5,11-06-21 05:16:00
ETH/USD,2480.5,2481.4,11-06-21 05:15:50
ETH/USD,2480.5,2481.4,11-06-21 05:15:40
ETH/USD,2482.5,2482.8,11-06-21 05:15:30
ETH/USD,2483.3,2483.6,11-06-21 05:15:20
ETH/USD,2483.2,2484.3,11-06-21 05:15:10
ETH/USD,2483.2,2483.7,11-06-21 05:15:00
ETH/USD,2482.6,2483.2,11-06-21 05:14:50
ETH/USD,2481.9,2482.8,11-06-21 05:14:40
ETH/USD,2482.8,2483.3,11-06-21 05:14:30
ETH/USD,2483.3,2484.1,11-06-21 05:14:20
ETH/USD,2482,2482.9,11-06-21 05:14:10
ETH/USD,2481.8,2483,11-06-21 05:14:00
ETH/USD,2481.9,2483,11-06-21 05:13:50
ETH/USD,2483.3,2483.9,11-06-21 05:13:40
ETH/USD,2483.1,2484.1,11-06-21 05:13:30
ETH/USD,2481.9,2482.5,11-06-21 05:13:20
ETH/USD,2482.9,2483,11-06-21 05:13:10
ETH/USD,2482.8,2483,11-06-21 05:13:00
ETH/USD,2482.4,2482.5,11-06-21 05:12:50
ETH/USD,2482.4,2482.7,11-06-21 05:12:40
ETH/USD,2482.4,2482.7,11-06-21 05:12:30
ETH/USD,2482.5,2482.9,11-06-21 05:12:20
ETH/USD,2482.4,2482.7,11-06-21 05:12:10
ETH/USD,2482.6,2483.2,11-06-21 05:12:00
ETH/USD,2482.4,2482.8,11-06-21 05:11:50
ETH/USD,2482.4,2483.1,11-06-21 05:11:40
ETH/USD,2482.5,2483,11-06-21 05:11:30
ETH/USD,2482.2,2483.4,11-06-21 05:11:20
ETH/USD,2480.9,2481.9,11-06-21 05:11:10
ETH/USD,2480.7,2482,11-06-21 05:11:00
ETH/USD,2482.1,2482.9,11-06-21 05:10:50
ETH/USD,2482.1,2483.1,11-06-21 05:10:40
ETH/USD,2482.4,2483.9,11-06-21 05:10:30
ETH/USD,2482.8,2484,11-06-21 05:10:20
ETH/USD,2482.6,2483,11-06-21 05:10:10
ETH/USD,2484.7,2485.6,11-06-21 05:10:00
ETH/USD,2483.5,2485.3,11-06-21 05:09:50
ETH/USD,2482.1,2483.2,11-06-21 05:09:40
ETH/USD,2484,2485.1,11-06-21 05:09:30
ETH/USD,2483.9,2485.1,11-06-21 05:09:20
ETH/USD,2484.3,2485.6,11-06-21 05:09:10
ETH/USD,2484.9,2486.1,11-06-21 05:09:00
ETH/USD,2482.5,2483.9,11-06-21 05:08:50
ETH/USD,2480.5,2481.7,11-06-21 05:08:40
ETH/USD,2481.2,2481.9,11-06-21 05:08:30
ETH/USD,2481.4,2482.9,11-06-21 05:08:20
ETH/USD,2481.9,2483.1,11-06-21 05:08:10
ETH/USD,2484,2484.5,11-06-21 05:08:00
ETH/USD,2484.9,2485.2,11-06-21 05:07:50
ETH/USD,2484.9,2486.1,11-06-21 05:07:40
ETH/USD,2484.5,2485.5,11-06-21 05:07:30
ETH/USD,2483.7,2485,11-06-21 05:07:20
ETH/USD,2484,2485.5,11-06-21 05:07:10
ETH/USD,2484.2,2485.6,11-06-21 05:07:00
ETH/USD,2483.9,2485.5,11-06-21 05:06:50
ETH/USD,2484.4,2485.5,11-06-21 05:06:40
ETH/USD,2484.6,2485.6,11-06-21 05:06:30
ETH/USD,2484.3,2485.6,11-06-21 05:06:20
ETH/USD,2484.8,2486.2,11-06-21 05:06:10
ETH/USD,2487,2488.8,11-06-21 05:06:00
ETH/USD,2486.9,2488.4,11-06-21 05:05:50
ETH/USD,2486.2,2487.8,11-06-21 05:05:40
ETH/USD,2484.7,2486,11-06-21 05:05:30
ETH/USD,2484.3,2485.3,11-06-21 05:05:20
ETH/USD,2484.2,2484.9,11-06-21 05:05:10
ETH/USD,2484.1,2484.9,11-06-21 05:05:00
ETH/USD,2484,2484.7,11-06-21 05:04:50
ETH/USD,2484,2485.2,11-06-21 05:04:40
ETH/USD,2484,2485.3,11-06-21 05:04:30
ETH/USD,2484.6,2486.1,11-06-21 05:04:20
ETH/USD,2482.8,2483.8,11-06-21 05:04:10
ETH/USD,2483.1,2484.7,11-06-21 05:04:00
ETH/USD,2484.2,2485.7,11-06-21 05:03:50
ETH/USD,2482.9,2483.5,11-06-21 05:03:40
ETH/USD,2483.6,2484.7,11-06-21 05:03:30
ETH/USD,2481.8,2483.1,11-06-21 05:03:20
ETH/USD,2483,2483.3,11-06-21 05:03:10
ETH/USD,2483,2483.6,11-06-21 05:03:00
ETH/USD,2482.7,2484.1,11-06-21 05:02:50
ETH/USD,2482.7,2483.3,11-06-21 05:02:40
ETH/USD,2482.5,2483.5,11-06-21 05:02:30
ETH/USD,2479.5,2480.3,11-06-21 05:02:20
ETH/USD,2479.5,2480.6,11-06-21 05:02:10
ETH/USD,2481.1,2482.3,11-06-21 05:02:00
ETH/USD,2482.1,2483.7,11-06-21 05:01:50
ETH/USD,2479,2480,11-06-21 05:01:40
ETH/USD,2478.9,2480.2,11-06-21 05:01:30
ETH/USD,2477,2477.3,11-06-21 05:01:20
ETH/USD,2475.4,2476.5,11-06-21 05:01:10
ETH/USD,2477.2,2478.5,11-06-21 05:01:00
ETH/USD,2478.2,2479,11-06-21 05:00:50
ETH/USD,2478.8,2479.2,11-06-21 05:00:40
ETH/USD,2478,2478.7,11-06-21 05:00:30
ETH/USD,2477.8,2478.3,11-06-21 05:00:20
ETH/USD,2478.6,2480,11-06-21 05:00:10
ETH/USD,2476.7,2477.8,11-06-21 05:00:00
ETH/USD,2477.5,2478.8,11-06-21 04:59:50
ETH/USD,2477.7,2478.5,11-06-21 04:59:40
ETH/USD,2476,2477,11-06-21 04:59:30
ETH/USD,2474.5,2475,11-06-21 04:59:20
ETH/USD,2474.3,2475,11-06-21 04:59:10
ETH/USD,2474.6,2476,11-06-21 04:59:00
ETH/USD,2475,2476.2,11-06-21 04:58:50
ETH/USD,2474.3,2475.8,11-06-21 04:58:40
ETH/USD,2473.3,2474.3,11-06-21 04:58:30
ETH/USD,2474.6,2474.8,11-06-21 04:58:20
ETH/USD,2475.9,2476.2,11-06-21 04:58:10
ETH/USD,2475.5,2476.8,11-06-21 04:58:00
ETH/USD,2475.7,2476.7,11-06-21 04:57:50
ETH/USD,2474.9,2475.2,11-06-21 04:57:40
ETH/USD,2474.9,2475.5,11-06-21 04:57:30
ETH/USD,2474.9,2475.4,11-06-21 04:57:20
ETH/USD,2475.1,2476,11-06-21 04:57:10
ETH/USD,2476.3,2477.6,11-06-21 04:57:00
ETH/USD,2475.2,2476.4,11-06-21 04:56:50
ETH/USD,2475.1,2476.1,11-06-21 04:56:40
ETH/USD,2475.8,2476.6,11-06-21 04:56:30
ETH/USD,2477.2,2477.7,11-06-21 04:56:20
ETH/USD,2477.4,2478.5,11-06-21 04:56:10
ETH/USD,2475.8,2476.6,11-06-21 04:56:00
ETH/USD,2476.2,2477.2,11-06-21 04:55:50
ETH/USD,2476.3,2477.7,11-06-21 04:55:40
ETH/USD,2476.3,2477.5,11-06-21 04:55:30
ETH/USD,2476.3,2477.2,11-06-21 04:55:20
ETH/USD,2477.1,2478,11-06-21 04:55:10
ETH/USD,2478.3,2479.6,11-06-21 04:55:00
ETH/USD,2477.5,2478.2,11-06-21 04:54:50
ETH/USD,2477.6,2479.3,11-06-21 04:54:40
ETH/USD,2476.8,2477.9,11-06-21 04:54:30
ETH/USD,2477.7,2478.3,11-06-21 04:54:20
ETH/USD,2480.1,2480.7,11-06-21 04:54:10
ETH/USD,2481.6,2482.5,11-06-21 04:54:00
ETH/USD,2479.8,2480.7,11-06-21 04:53:50
ETH/USD,2481.5,2481.6,11-06-21 04:53:40
ETH/USD,2483.4,2484.9,11-06-21 04:53:30
ETH/USD,2479.9,2480,11-06-21 04:53:20
ETH/USD,2477.7,2478.8,11-06-21 04:53:10
ETH/USD,2476.8,2477.5,11-06-21 04:53:00
ETH/USD,2475.5,2476.9,11-06-21 04:52:50
ETH/USD,2475.4,2476.4,11-06-21 04:52:40
ETH/USD,2475.4,2476.5,11-06-21 04:52:30
ETH/USD,2475.6,2476.3,11-06-21 04:52:20
ETH/USD,2476.9,2477.2,11-06-21 04:52:10
ETH/USD,2476.9,2477.5,11-06-21 04:52:00
ETH/USD,2476.9,2477.5,11-06-21 04:51:50
ETH/USD,2476.9,2477.5,11-06-21 04:51:40
ETH/USD,2476.9,2477.5,11-06-21 04:51:30
ETH/USD,2476.9,2477.8,11-06-21 04:51:20
ETH/USD,2477.8,2479.1,11-06-21 04:51:10
ETH/USD,2478.7,2480,11-06-21 04:51:00
ETH/USD,2477.4,2479,11-06-21 04:50:50
ETH/USD,2476,2476.2,11-06-21 04:50:40
ETH/USD,2476,2476.2,11-06-21 04:50:30
ETH/USD,2475.9,2477.1,11-06-21 04:50:20
ETH/USD,2473.5,2474.4,11-06-21 04:50:10
ETH/USD,2473.5,2474.4,11-06-21 04:50:00
ETH/USD,2474.2,2475.1,11-06-21 04:49:50
ETH/USD,2473.7,2474.9,11-06-21 04:49:40
ETH/USD,2472.9,2473.7,11-06-21 04:49:30
ETH/USD,2474,2475,11-06-21 04:49:20
ETH/USD,2474.1,2475,11-06-21 04:49:10
ETH/USD,2475.7,2476.6,11-06-21 04:49:00
ETH/USD,2475.7,2476.6,11-06-21 04:48:50
ETH/USD,2475.7,2476.3,11-06-21 04:48:40
ETH/USD,2474.9,2475.9,11-06-21 04:48:30
ETH/USD,2475.1,2475.9,11-06-21 04:48:20
ETH/USD,2474.7,2475.9,11-06-21 04:48:10
ETH/USD,2474.2,2475.5,11-06-21 04:48:00
ETH/USD,2474.2,2475.4,11-06-21 04:47:50
ETH/USD,2474.4,2475.6,11-06-21 04:47:40
ETH/USD,2474.7,2475.9,11-06-21 04:47:30
ETH/USD,2474,2474.8,11-06-21 04:47:20
ETH/USD,2472.5,2473.7,11-06-21 04:47:10
ETH/USD,2472.5,2473.6,11-06-21 04:47:00
ETH/USD,2472.9,2474.3,11-06-21 04:46:50
ETH/USD,2474.9,2475.5,11-06-21 04:46:40
ETH/USD,2474.9,2475.6,11-06-21 04:46:30
ETH/USD,2475.7,2476.4,11-06-21 04:46:20
ETH/USD,2474.6,2475.4,11-06-21 04:46:10
ETH/USD,2474.6,2475.3,11-06-21 04:46:00
ETH/USD,2475.5,2476.4,11-06-21 04:45:50
ETH/USD,2475.8,2476.5,11-06-21 04:45:40
ETH/USD,2475.5,2476,11-06-21 04:45:30
ETH/USD,2475.5,2475.6,11-06-21 04:45:20
ETH/USD,2475.4,2476.4,11-06-21 04:45:10
ETH/USD,2474.5,2475.3,11-06-21 04:45:00
ETH/USD,2475.4,2476.3,11-06-21 04:44:50
ETH/USD,2475,2476,11-06-21 04:44:40
ETH/USD,2475.2,2476,11-06-21 04:44:30
ETH/USD,2473.7,2474.9,11-06-21 04:44:20
ETH/USD,2474.2,2475.5,11-06-21 04:44:10
ETH/USD,2474,2475.2,11-06-21 04:44:00
ETH/USD,2473.2,2474.4,11-06-21 04:43:50
ETH/USD,2474.5,2475.2,11-06-21 04:43:40
ETH/USD,2474.4,2475.1,11-06-21 04:43:30
ETH/USD,2474.1,2475.2,11-06-21 04:43:20
ETH/USD,2474.7,2475.8,11-06-21 04:43:10
ETH/USD,2475.2,2476,11-06-21 04:43:00
ETH/USD,2475.9,2477.1,11-06-21 04:42:50
ETH/USD,2476.5,2476.8,11-06-21 04:42:40
ETH/USD,2475.5,2476,11-06-21 04:42:30
ETH/USD,2474.6,2475.2,11-06-21 04:42:20
ETH/USD,2474.7,2475.6,11-06-21 04:42:10
ETH/USD,2475.1,2476.3,11-06-21 04:42:00
ETH/USD,2475.7,2476.8,11-06-21 04:41:50
ETH/USD,2474.3,2474.6,11-06-21 04:41:40
ETH/USD,2473.8,2474.6,11-06-21 04:41:30
ETH/USD,2475.1,2476.5,11-06-21 04:41:20
ETH/USD,2474.4,2475.1,11-06-21 04:41:10
ETH/USD,2474.7,2475.1,11-06-21 04:41:00
ETH/USD,2474.8,2475.1,11-06-21 04:40:50
ETH/USD,2473.2,2474.6,11-06-21 04:40:40
ETH/USD,2474,2474.8,11-06-21 04:40:30
ETH/USD,2474.4,2476.1,11-06-21 04:40:20
ETH/USD,2478.7,2480.2,11-06-21 04:40:10
ETH/USD,2480,2480.9,11-06-21 04:40:00
ETH/USD,2478.9,2479.6,11-06-21 04:39:50
ETH/USD,2478.3,2479.6,11-06-21 04:39:40
ETH/USD,2479.5,2480.6,11-06-21 04:39:30
ETH/USD,2478.6,2479.2,11-06-21 04:39:20
ETH/USD,2478.1,2479.7,11-06-21 04:39:10
ETH/USD,2478.2,2479.3,11-06-21 04:39:00
ETH/USD,2478.4,2479.9,11-06-21 04:38:50
ETH/USD,2480.6,2482.3,11-06-21 04:38:40
ETH/USD,2479.8,2481,11-06-21 04:38:30
ETH/USD,2477.8,2479.2,11-06-21 04:38:20
ETH/USD,2478.6,2479.1,11-06-21 04:38:10
ETH/USD,2477.2,2477.6,11-06-21 04:38:00
ETH/USD,2475.3,2476.3,11-06-21 04:37:50
ETH/USD,2473.6,2474.7,11-06-21 04:37:40
ETH/USD,2471,2471.9,11-06-21 04:37:30
ETH/USD,2470.3,2471.2,11-06-21 04:37:20
ETH/USD,2471.2,2472.3,11-06-21 04:37:10
