PAIR,BID,ASK,TIME
DOG/USD,319380,325960,11-06-21 11:20:21
DOG/USD,319280,325750,11-06-21 11:20:11
DOG/USD,320270,325770,11-06-21 11:20:01
DOG/USD,319420,325710,11-06-21 11:19:51
DOG/USD,319310,325800,11-06-21 11:19:41
DOG/USD,319350,325820,11-06-21 11:19:31
DOG/USD,319240,325870,11-06-21 11:19:21
DOG/USD,319330,325970,11-06-21 11:19:11
DOG/USD,319680,325860,11-06-21 11:19:01
DOG/USD,320480,325860,11-06-21 11:18:51
DOG/USD,319490,326130,11-06-21 11:18:41
DOG/USD,319360,326170,11-06-21 11:18:31
DOG/USD,319400,326150,11-06-21 11:18:21
DOG/USD,320050,326340,11-06-21 11:18:11
DOG/USD,319980,326430,11-06-21 11:18:01
DOG/USD,318380,329800,11-06-21 11:17:50
DOG/USD,317480,329880,11-06-21 11:17:41
DOG/USD,318970,330020,11-06-21 11:17:31
DOG/USD,319010,329980,11-06-21 11:17:21
DOG/USD,318290,329630,11-06-21 11:17:11
DOG/USD,317440,329360,11-06-21 11:17:01
DOG/USD,318470,329360,11-06-21 11:16:51
DOG/USD,317930,329360,11-06-21 11:16:41
DOG/USD,317100,329360,11-06-21 11:16:31
DOG/USD,318040,329360,11-06-21 11:16:21
DOG/USD,317140,329360,11-06-21 11:16:11
DOG/USD,319420,329360,11-06-21 11:16:01
DOG/USD,318700,329360,11-06-21 11:15:51
DOG/USD,317550,329360,11-06-21 11:15:41
DOG/USD,316710,329360,11-06-21 11:15:31
DOG/USD,318150,329360,11-06-21 11:15:21
DOG/USD,317280,329360,11-06-21 11:15:11
DOG/USD,318610,329360,11-06-21 11:15:00
DOG/USD,317340,329360,11-06-21 11:14:51
DOG/USD,318960,329360,11-06-21 11:14:41
DOG/USD,318250,329360,11-06-21 11:14:31
DOG/USD,318030,329360,11-06-21 11:14:21
DOG/USD,316740,329490,11-06-21 11:14:11
DOG/USD,319780,329310,11-06-21 11:14:01
DOG/USD,320020,326100,11-06-21 11:13:51
DOG/USD,319570,325940,11-06-21 11:13:41
DOG/USD,319670,325940,11-06-21 11:13:31
DOG/USD,319700,325960,11-06-21 11:13:21
DOG/USD,319810,326020,11-06-21 11:13:11
DOG/USD,320610,326000,11-06-21 11:13:01
DOG/USD,319830,325960,11-06-21 11:12:51
DOG/USD,319560,325970,11-06-21 11:12:41
DOG/USD,320030,326020,11-06-21 11:12:31
DOG/USD,319610,326010,11-06-21 11:12:21
DOG/USD,319500,326030,11-06-21 11:12:11
DOG/USD,319860,326090,11-06-21 11:12:01
DOG/USD,320900,326160,11-06-21 11:11:51
DOG/USD,320160,326170,11-06-21 11:11:41
DOG/USD,320290,326210,11-06-21 11:11:31
DOG/USD,320380,326220,11-06-21 11:11:21
DOG/USD,320060,326240,11-06-21 11:11:11
DOG/USD,320660,326250,11-06-21 11:11:01
DOG/USD,319900,326160,11-06-21 11:10:51
DOG/USD,319850,326150,11-06-21 11:10:41
DOG/USD,319530,326020,11-06-21 11:10:31
DOG/USD,319560,326000,11-06-21 11:10:21
DOG/USD,319760,325990,11-06-21 11:10:11
DOG/USD,319540,326060,11-06-21 11:10:01
DOG/USD,319490,326060,11-06-21 11:09:50
DOG/USD,319490,326150,11-06-21 11:09:41
DOG/USD,319520,326160,11-06-21 11:09:31
DOG/USD,319730,326290,11-06-21 11:09:21
DOG/USD,319650,326240,11-06-21 11:09:11
DOG/USD,319590,326180,11-06-21 11:09:01
DOG/USD,319470,326170,11-06-21 11:08:51
DOG/USD,319410,326210,11-06-21 11:08:41
DOG/USD,319450,326220,11-06-21 11:08:31
DOG/USD,319530,326250,11-06-21 11:08:21
DOG/USD,319690,326480,11-06-21 11:08:11
DOG/USD,319750,326460,11-06-21 11:08:00
DOG/USD,320090,326640,11-06-21 11:07:51
DOG/USD,320110,326680,11-06-21 11:07:41
DOG/USD,320120,326730,11-06-21 11:07:31
DOG/USD,320140,326720,11-06-21 11:07:21
DOG/USD,320960,326820,11-06-21 11:07:11
DOG/USD,320290,326820,11-06-21 11:07:01
DOG/USD,321100,326770,11-06-21 11:06:51
DOG/USD,320390,326790,11-06-21 11:06:40
DOG/USD,320490,326830,11-06-21 11:06:30
DOG/USD,320340,326830,11-06-21 11:06:21
DOG/USD,320570,326890,11-06-21 11:06:11
DOG/USD,321030,326950,11-06-21 11:06:01
DOG/USD,320380,326950,11-06-21 11:05:51
DOG/USD,321100,326970,11-06-21 11:05:41
DOG/USD,321180,327030,11-06-21 11:05:31
DOG/USD,321200,327010,11-06-21 11:05:21
DOG/USD,320650,327040,11-06-21 11:05:11
DOG/USD,320660,327060,11-06-21 11:05:01
DOG/USD,321030,327080,11-06-21 11:04:51
DOG/USD,320790,327080,11-06-21 11:04:41
DOG/USD,320700,326990,11-06-21 11:04:31
DOG/USD,321000,326980,11-06-21 11:04:21
DOG/USD,320600,327030,11-06-21 11:04:11
DOG/USD,320590,326990,11-06-21 11:04:01
DOG/USD,320600,327000,11-06-21 11:03:51
DOG/USD,320760,327010,11-06-21 11:03:41
DOG/USD,320620,327020,11-06-21 11:03:31
DOG/USD,320480,327030,11-06-21 11:03:21
DOG/USD,320660,327090,11-06-21 11:03:11
DOG/USD,320770,327100,11-06-21 11:03:01
DOG/USD,320510,326990,11-06-21 11:02:51
DOG/USD,320540,326920,11-06-21 11:02:40
DOG/USD,321080,326940,11-06-21 11:02:31
DOG/USD,320490,326970,11-06-21 11:02:21
DOG/USD,320660,326970,11-06-21 11:02:11
DOG/USD,321210,327020,11-06-21 11:02:01
DOG/USD,320390,326920,11-06-21 11:01:51
DOG/USD,320450,326930,11-06-21 11:01:41
DOG/USD,321740,326970,11-06-21 11:01:31
DOG/USD,321010,326950,11-06-21 11:01:21
DOG/USD,320480,327020,11-06-21 11:01:11
DOG/USD,320800,327100,11-06-21 11:01:01
DOG/USD,320690,327100,11-06-21 11:00:51
DOG/USD,320700,327100,11-06-21 11:00:41
DOG/USD,320940,327220,11-06-21 11:00:31
DOG/USD,320640,327270,11-06-21 11:00:21
DOG/USD,317650,330400,11-06-21 11:00:11
DOG/USD,318900,330310,11-06-21 11:00:01
DOG/USD,318090,330280,11-06-21 10:59:51
DOG/USD,319000,330380,11-06-21 10:59:40
DOG/USD,318130,330360,11-06-21 10:59:31
DOG/USD,319040,330190,11-06-21 10:59:21
DOG/USD,318550,330190,11-06-21 10:59:11
DOG/USD,317620,330190,11-06-21 10:59:01
DOG/USD,318360,330190,11-06-21 10:58:51
DOG/USD,317480,330190,11-06-21 10:58:41
DOG/USD,319140,330190,11-06-21 10:58:31
DOG/USD,318350,330190,11-06-21 10:58:21
DOG/USD,318990,330190,11-06-21 10:58:11
DOG/USD,318160,330200,11-06-21 10:58:01
DOG/USD,319400,330240,11-06-21 10:57:51
DOG/USD,318840,330170,11-06-21 10:57:41
DOG/USD,318530,330100,11-06-21 10:57:31
DOG/USD,317250,330060,11-06-21 10:57:21
DOG/USD,318820,330080,11-06-21 10:57:11
DOG/USD,318570,330120,11-06-21 10:57:01
DOG/USD,318550,330120,11-06-21 10:56:50
DOG/USD,317280,330170,11-06-21 10:56:41
DOG/USD,318150,330180,11-06-21 10:56:31
DOG/USD,317360,330200,11-06-21 10:56:21
DOG/USD,320590,326960,11-06-21 10:56:11
DOG/USD,320420,326930,11-06-21 10:56:01
DOG/USD,320890,326980,11-06-21 10:55:51
DOG/USD,321150,327050,11-06-21 10:55:41
DOG/USD,320490,327030,11-06-21 10:55:31
DOG/USD,320810,327080,11-06-21 10:55:21
DOG/USD,320680,327120,11-06-21 10:55:11
DOG/USD,320610,327090,11-06-21 10:55:01
DOG/USD,321320,327100,11-06-21 10:54:51
DOG/USD,320660,327110,11-06-21 10:54:41
DOG/USD,320580,327130,11-06-21 10:54:31
DOG/USD,320770,327110,11-06-21 10:54:21
DOG/USD,320550,326980,11-06-21 10:54:11
DOG/USD,321170,326950,11-06-21 10:54:01
DOG/USD,320600,326930,11-06-21 10:53:51
DOG/USD,321150,327020,11-06-21 10:53:41
DOG/USD,320530,327020,11-06-21 10:53:30
DOG/USD,320660,327000,11-06-21 10:53:20
DOG/USD,320680,327050,11-06-21 10:53:11
DOG/USD,320630,327050,11-06-21 10:53:01
DOG/USD,321160,327040,11-06-21 10:52:51
DOG/USD,321160,327070,11-06-21 10:52:41
DOG/USD,320640,327080,11-06-21 10:52:30
DOG/USD,320460,327030,11-06-21 10:52:21
DOG/USD,320940,326870,11-06-21 10:52:10
DOG/USD,320440,326920,11-06-21 10:52:01
DOG/USD,320480,326870,11-06-21 10:51:51
DOG/USD,320620,326870,11-06-21 10:51:41
DOG/USD,320370,326940,11-06-21 10:51:31
DOG/USD,320390,326900,11-06-21 10:51:21
DOG/USD,320700,326910,11-06-21 10:51:11
DOG/USD,321170,326760,11-06-21 10:51:01
DOG/USD,320520,326750,11-06-21 10:50:50
DOG/USD,320380,326760,11-06-21 10:50:41
DOG/USD,320810,326730,11-06-21 10:50:31
DOG/USD,320230,326730,11-06-21 10:50:21
DOG/USD,320600,326770,11-06-21 10:50:11
DOG/USD,320450,326830,11-06-21 10:50:01
DOG/USD,320740,326810,11-06-21 10:49:51
DOG/USD,320380,326840,11-06-21 10:49:41
DOG/USD,320890,326800,11-06-21 10:49:31
DOG/USD,320630,326830,11-06-21 10:49:21
DOG/USD,320730,326890,11-06-21 10:49:11
DOG/USD,320650,326840,11-06-21 10:49:01
DOG/USD,320670,326920,11-06-21 10:48:51
DOG/USD,320650,326980,11-06-21 10:48:40
DOG/USD,320770,327050,11-06-21 10:48:31
DOG/USD,321600,327030,11-06-21 10:48:21
DOG/USD,320870,327000,11-06-21 10:48:11
DOG/USD,320610,327000,11-06-21 10:48:01
DOG/USD,320740,327070,11-06-21 10:47:51
DOG/USD,320820,326990,11-06-21 10:47:41
DOG/USD,320320,326790,11-06-21 10:47:31
DOG/USD,320570,326800,11-06-21 10:47:21
DOG/USD,320770,326830,11-06-21 10:47:11
DOG/USD,320380,326860,11-06-21 10:47:01
DOG/USD,321140,326860,11-06-21 10:46:51
DOG/USD,320490,326910,11-06-21 10:46:41
DOG/USD,321680,327030,11-06-21 10:46:31
DOG/USD,320990,326980,11-06-21 10:46:21
DOG/USD,320280,326970,11-06-21 10:46:11
DOG/USD,320580,327200,11-06-21 10:46:01
DOG/USD,320650,327290,11-06-21 10:45:51
DOG/USD,320780,327360,11-06-21 10:45:41
DOG/USD,321720,327490,11-06-21 10:45:31
DOG/USD,321430,327490,11-06-21 10:45:21
DOG/USD,320940,327490,11-06-21 10:45:11
DOG/USD,321060,327490,11-06-21 10:45:01
DOG/USD,320780,327200,11-06-21 10:44:51
DOG/USD,320730,327150,11-06-21 10:44:41
DOG/USD,321390,327160,11-06-21 10:44:31
DOG/USD,320790,327200,11-06-21 10:44:21
DOG/USD,320840,327140,11-06-21 10:44:11
DOG/USD,320500,327010,11-06-21 10:44:00
DOG/USD,320410,327070,11-06-21 10:43:51
DOG/USD,320530,326970,11-06-21 10:43:41
DOG/USD,320180,326750,11-06-21 10:43:31
DOG/USD,320660,326720,11-06-21 10:43:21
DOG/USD,320490,326820,11-06-21 10:43:11
DOG/USD,320470,326870,11-06-21 10:43:01
DOG/USD,320550,326870,11-06-21 10:42:51
DOG/USD,320450,326900,11-06-21 10:42:41
DOG/USD,320590,326860,11-06-21 10:42:31
DOG/USD,320720,326870,11-06-21 10:42:21
DOG/USD,321700,326910,11-06-21 10:42:11
DOG/USD,320930,326880,11-06-21 10:42:01
DOG/USD,320450,326850,11-06-21 10:41:51
DOG/USD,320750,326890,11-06-21 10:41:41
DOG/USD,321010,326840,11-06-21 10:41:31
DOG/USD,320310,326800,11-06-21 10:41:21
DOG/USD,321020,326810,11-06-21 10:41:11
DOG/USD,320310,326800,11-06-21 10:41:01
DOG/USD,320230,326820,11-06-21 10:40:51
DOG/USD,320490,326740,11-06-21 10:40:41
DOG/USD,320460,326600,11-06-21 10:40:30
DOG/USD,319040,327460,11-06-21 10:40:21
DOG/USD,318200,327480,11-06-21 10:40:11
DOG/USD,321690,327480,11-06-21 10:40:01
DOG/USD,321000,327480,11-06-21 10:39:51
DOG/USD,320440,327480,11-06-21 10:39:41
DOG/USD,319770,327480,11-06-21 10:39:31
DOG/USD,318530,327470,11-06-21 10:39:21
DOG/USD,317750,327470,11-06-21 10:39:11
DOG/USD,316850,327470,11-06-21 10:39:01
DOG/USD,320140,327470,11-06-21 10:38:51
DOG/USD,319330,327470,11-06-21 10:38:41
DOG/USD,317990,327470,11-06-21 10:38:31
DOG/USD,317230,327470,11-06-21 10:38:21
DOG/USD,319510,327470,11-06-21 10:38:11
DOG/USD,318670,327470,11-06-21 10:38:01
DOG/USD,317360,327480,11-06-21 10:37:51
DOG/USD,319480,327470,11-06-21 10:37:41
DOG/USD,319760,327480,11-06-21 10:37:31
DOG/USD,319190,327480,11-06-21 10:37:21
DOG/USD,318490,327470,11-06-21 10:37:11
DOG/USD,317250,327470,11-06-21 10:37:01
DOG/USD,317950,327480,11-06-21 10:36:51
DOG/USD,317100,327480,11-06-21 10:36:41
DOG/USD,320350,327470,11-06-21 10:36:31
DOG/USD,320450,326500,11-06-21 10:36:21
DOG/USD,321080,326520,11-06-21 10:36:11
DOG/USD,320430,326550,11-06-21 10:36:01
DOG/USD,320330,326550,11-06-21 10:35:51
DOG/USD,320350,326510,11-06-21 10:35:41
DOG/USD,320120,326540,11-06-21 10:35:30
DOG/USD,320670,326530,11-06-21 10:35:21
DOG/USD,320100,326530,11-06-21 10:35:11
DOG/USD,320260,326590,11-06-21 10:35:01
DOG/USD,320770,326550,11-06-21 10:34:51
DOG/USD,320090,326480,11-06-21 10:34:41
DOG/USD,320130,326430,11-06-21 10:34:30
DOG/USD,320530,326430,11-06-21 10:34:21
DOG/USD,319800,326360,11-06-21 10:34:11
DOG/USD,319980,326420,11-06-21 10:34:01
DOG/USD,320290,326430,11-06-21 10:33:51
DOG/USD,321280,326550,11-06-21 10:33:41
DOG/USD,320580,326460,11-06-21 10:33:31
DOG/USD,320060,326390,11-06-21 10:33:21
DOG/USD,320480,326460,11-06-21 10:33:11
DOG/USD,319880,326460,11-06-21 10:33:01
DOG/USD,320030,326490,11-06-21 10:32:51
DOG/USD,320340,326650,11-06-21 10:32:41
DOG/USD,320210,326580,11-06-21 10:32:31
DOG/USD,319830,326300,11-06-21 10:32:21
DOG/USD,318300,327470,11-06-21 10:32:11
DOG/USD,317390,327470,11-06-21 10:32:01
DOG/USD,318510,327470,11-06-21 10:31:51
DOG/USD,318960,327470,11-06-21 10:31:41
DOG/USD,318610,327470,11-06-21 10:31:31
DOG/USD,317710,327470,11-06-21 10:31:21
DOG/USD,316840,327470,11-06-21 10:31:11
DOG/USD,318830,327470,11-06-21 10:31:01
DOG/USD,318320,327470,11-06-21 10:30:51
DOG/USD,317430,327470,11-06-21 10:30:41
DOG/USD,316610,327470,11-06-21 10:30:31
DOG/USD,317750,327470,11-06-21 10:30:21
DOG/USD,316920,327470,11-06-21 10:30:11
DOG/USD,319420,327470,11-06-21 10:30:01
DOG/USD,318750,327470,11-06-21 10:29:51
DOG/USD,316680,327470,11-06-21 10:29:41
DOG/USD,317800,327470,11-06-21 10:29:31
DOG/USD,316930,327470,11-06-21 10:29:21
DOG/USD,316850,327470,11-06-21 10:29:10
DOG/USD,317220,327470,11-06-21 10:29:01
DOG/USD,318540,327470,11-06-21 10:28:51
DOG/USD,318390,327470,11-06-21 10:28:41
DOG/USD,317500,327470,11-06-21 10:28:31
DOG/USD,316640,327480,11-06-21 10:28:21
DOG/USD,319980,326230,11-06-21 10:28:11
DOG/USD,320600,326280,11-06-21 10:28:01
DOG/USD,319860,326300,11-06-21 10:27:51
DOG/USD,319980,326310,11-06-21 10:27:41
DOG/USD,320080,326230,11-06-21 10:27:31
DOG/USD,319910,326340,11-06-21 10:27:21
DOG/USD,319870,326310,11-06-21 10:27:11
DOG/USD,319960,326300,11-06-21 10:27:01
DOG/USD,319890,326290,11-06-21 10:26:51
DOG/USD,319890,326420,11-06-21 10:26:41
DOG/USD,319950,326470,11-06-21 10:26:31
DOG/USD,320500,326550,11-06-21 10:26:21
DOG/USD,320700,326650,11-06-21 10:26:11
DOG/USD,320110,326670,11-06-21 10:26:01
DOG/USD,320670,326740,11-06-21 10:25:51
DOG/USD,320020,326540,11-06-21 10:25:41
DOG/USD,320040,326510,11-06-21 10:25:31
DOG/USD,319950,326540,11-06-21 10:25:21
DOG/USD,320030,326540,11-06-21 10:25:11
DOG/USD,320020,326530,11-06-21 10:25:01
DOG/USD,320380,326390,11-06-21 10:24:51
DOG/USD,319870,326340,11-06-21 10:24:41
DOG/USD,319710,326200,11-06-21 10:24:31
DOG/USD,320290,326220,11-06-21 10:24:21
DOG/USD,319970,326270,11-06-21 10:24:11
DOG/USD,320340,326410,11-06-21 10:24:01
DOG/USD,319780,326340,11-06-21 10:23:51
DOG/USD,319980,326320,11-06-21 10:23:41
DOG/USD,320040,326410,11-06-21 10:23:31
DOG/USD,320100,326500,11-06-21 10:23:21
DOG/USD,320040,326510,11-06-21 10:23:11
DOG/USD,319980,326490,11-06-21 10:23:01
DOG/USD,318950,327470,11-06-21 10:22:50
DOG/USD,319560,327470,11-06-21 10:22:41
DOG/USD,318940,327470,11-06-21 10:22:31
DOG/USD,318460,327470,11-06-21 10:22:21
DOG/USD,317580,327470,11-06-21 10:22:11
DOG/USD,318740,327470,11-06-21 10:22:01
DOG/USD,318020,327470,11-06-21 10:21:51
DOG/USD,317180,327470,11-06-21 10:21:41
DOG/USD,316940,327470,11-06-21 10:21:31
DOG/USD,318610,327470,11-06-21 10:21:21
DOG/USD,317970,327470,11-06-21 10:21:11
DOG/USD,317090,327470,11-06-21 10:21:01
DOG/USD,319680,327470,11-06-21 10:20:51
DOG/USD,318950,327470,11-06-21 10:20:41
DOG/USD,319610,327470,11-06-21 10:20:31
DOG/USD,318990,327470,11-06-21 10:20:21
DOG/USD,318630,327470,11-06-21 10:20:11
DOG/USD,317800,327470,11-06-21 10:20:01
DOG/USD,319780,327470,11-06-21 10:19:51
DOG/USD,319370,327470,11-06-21 10:19:41
DOG/USD,318800,327470,11-06-21 10:19:31
DOG/USD,318030,327470,11-06-21 10:19:21
DOG/USD,317140,327470,11-06-21 10:19:11
DOG/USD,319660,327480,11-06-21 10:19:01
DOG/USD,319670,326140,11-06-21 10:18:51
DOG/USD,319920,326210,11-06-21 10:18:41
DOG/USD,319510,326070,11-06-21 10:18:31
DOG/USD,319910,326010,11-06-21 10:18:21
DOG/USD,319770,325950,11-06-21 10:18:11
DOG/USD,319480,325950,11-06-21 10:18:01
DOG/USD,319950,325820,11-06-21 10:17:51
DOG/USD,319250,325710,11-06-21 10:17:41
DOG/USD,320040,325750,11-06-21 10:17:31
DOG/USD,319320,325750,11-06-21 10:17:21
DOG/USD,319650,325940,11-06-21 10:17:11
DOG/USD,319460,325740,11-06-21 10:17:01
DOG/USD,320150,325780,11-06-21 10:16:51
DOG/USD,319450,325810,11-06-21 10:16:41
DOG/USD,320100,325870,11-06-21 10:16:31
DOG/USD,319570,325750,11-06-21 10:16:21
DOG/USD,319650,325910,11-06-21 10:16:11
DOG/USD,319570,326040,11-06-21 10:16:01
DOG/USD,319470,326000,11-06-21 10:15:51
DOG/USD,319810,326140,11-06-21 10:15:41
DOG/USD,319910,326280,11-06-21 10:15:31
DOG/USD,320050,326450,11-06-21 10:15:21
DOG/USD,320420,326430,11-06-21 10:15:11
DOG/USD,319830,326280,11-06-21 10:15:01
DOG/USD,320580,326270,11-06-21 10:14:51
DOG/USD,319980,326300,11-06-21 10:14:41
DOG/USD,319940,326300,11-06-21 10:14:31
DOG/USD,320250,326240,11-06-21 10:14:21
DOG/USD,319950,326400,11-06-21 10:14:11
DOG/USD,320430,326340,11-06-21 10:14:01
DOG/USD,320690,326530,11-06-21 10:13:51
DOG/USD,320140,326630,11-06-21 10:13:41
DOG/USD,320490,326670,11-06-21 10:13:31
DOG/USD,320230,326510,11-06-21 10:13:21
DOG/USD,320020,326380,11-06-21 10:13:11
DOG/USD,319920,326440,11-06-21 10:13:01
DOG/USD,320640,326320,11-06-21 10:12:51
DOG/USD,319910,326340,11-06-21 10:12:41
DOG/USD,320010,326400,11-06-21 10:12:31
DOG/USD,320020,326430,11-06-21 10:12:21
DOG/USD,320090,326590,11-06-21 10:12:11
DOG/USD,320250,326680,11-06-21 10:12:01
DOG/USD,320300,326730,11-06-21 10:11:50
DOG/USD,320190,326720,11-06-21 10:11:41
DOG/USD,320100,326870,11-06-21 10:11:31
DOG/USD,320120,326860,11-06-21 10:11:20
DOG/USD,320040,326950,11-06-21 10:11:11
DOG/USD,321120,327010,11-06-21 10:11:01
DOG/USD,320180,326470,11-06-21 10:10:51
DOG/USD,319870,326340,11-06-21 10:10:41
DOG/USD,319980,326350,11-06-21 10:10:31
DOG/USD,320830,326380,11-06-21 10:10:21
DOG/USD,320120,326360,11-06-21 10:10:11
DOG/USD,320010,326330,11-06-21 10:10:01
DOG/USD,320220,326360,11-06-21 10:09:51
DOG/USD,319670,326360,11-06-21 10:09:41
DOG/USD,320580,326330,11-06-21 10:09:31
DOG/USD,320510,326550,11-06-21 10:09:21
DOG/USD,320340,326510,11-06-21 10:09:11
DOG/USD,320520,326490,11-06-21 10:09:01
DOG/USD,320690,326430,11-06-21 10:08:51
DOG/USD,319910,326540,11-06-21 10:08:41
DOG/USD,320390,326460,11-06-21 10:08:31
DOG/USD,320590,326530,11-06-21 10:08:21
DOG/USD,320140,326640,11-06-21 10:08:11
DOG/USD,319960,326440,11-06-21 10:08:01
DOG/USD,319950,326500,11-06-21 10:07:51
DOG/USD,320180,326480,11-06-21 10:07:41
DOG/USD,320360,326430,11-06-21 10:07:31
DOG/USD,319730,326460,11-06-21 10:07:21
DOG/USD,319650,326310,11-06-21 10:07:11
DOG/USD,320620,326590,11-06-21 10:07:01
DOG/USD,320760,326650,11-06-21 10:06:51
DOG/USD,320170,326630,11-06-21 10:06:41
DOG/USD,320430,326560,11-06-21 10:06:31
DOG/USD,321050,326810,11-06-21 10:06:21
DOG/USD,320380,326970,11-06-21 10:06:11
DOG/USD,319820,326710,11-06-21 10:06:01
DOG/USD,319790,326400,11-06-21 10:05:51
DOG/USD,320280,326620,11-06-21 10:05:41
DOG/USD,319960,326850,11-06-21 10:05:31
DOG/USD,319360,326110,11-06-21 10:05:21
DOG/USD,318910,325650,11-06-21 10:05:11
DOG/USD,320100,325110,11-06-21 10:05:01
DOG/USD,319650,325540,11-06-21 10:04:51
DOG/USD,319730,325960,11-06-21 10:04:41
DOG/USD,319210,326180,11-06-21 10:04:31
DOG/USD,318550,325260,11-06-21 10:04:21
DOG/USD,318800,325060,11-06-21 10:04:11
DOG/USD,318710,324790,11-06-21 10:04:01
DOG/USD,319260,324830,11-06-21 10:03:51
DOG/USD,318550,324930,11-06-21 10:03:40
DOG/USD,318540,324950,11-06-21 10:03:31
DOG/USD,318570,324920,11-06-21 10:03:21
DOG/USD,318630,324980,11-06-21 10:03:11
DOG/USD,318560,325090,11-06-21 10:03:01
DOG/USD,318790,325050,11-06-21 10:02:51
DOG/USD,318560,325000,11-06-21 10:02:41
DOG/USD,318420,324930,11-06-21 10:02:31
DOG/USD,318960,325020,11-06-21 10:02:21
DOG/USD,319000,325040,11-06-21 10:02:11
DOG/USD,318680,325020,11-06-21 10:02:01
DOG/USD,318570,324890,11-06-21 10:01:51
DOG/USD,318660,324990,11-06-21 10:01:41
DOG/USD,318440,325100,11-06-21 10:01:31
DOG/USD,318450,325070,11-06-21 10:01:21
DOG/USD,318860,324900,11-06-21 10:01:11
DOG/USD,318310,324660,11-06-21 10:01:01
DOG/USD,318890,324670,11-06-21 10:00:51
DOG/USD,318220,324690,11-06-21 10:00:41
DOG/USD,318230,324690,11-06-21 10:00:31
DOG/USD,318280,324810,11-06-21 10:00:21
DOG/USD,318110,324720,11-06-21 10:00:11
DOG/USD,318220,324510,11-06-21 10:00:01
DOG/USD,317970,324430,11-06-21 09:59:51
DOG/USD,318310,324450,11-06-21 09:59:41
DOG/USD,318330,324410,11-06-21 09:59:31
DOG/USD,319090,324500,11-06-21 09:59:21
DOG/USD,318390,324580,11-06-21 09:59:11
DOG/USD,317940,324500,11-06-21 09:59:01
DOG/USD,317860,324240,11-06-21 09:58:51
DOG/USD,318140,324180,11-06-21 09:58:41
DOG/USD,317790,324180,11-06-21 09:58:30
DOG/USD,317950,324200,11-06-21 09:58:20
DOG/USD,317610,324220,11-06-21 09:58:11
DOG/USD,317910,324380,11-06-21 09:58:01
DOG/USD,317730,324320,11-06-21 09:57:51
DOG/USD,317930,324660,11-06-21 09:57:41
DOG/USD,318000,324740,11-06-21 09:57:31
DOG/USD,317830,324430,11-06-21 09:57:21
DOG/USD,318260,324180,11-06-21 09:57:11
DOG/USD,318200,324150,11-06-21 09:57:01
DOG/USD,317680,324200,11-06-21 09:56:51
DOG/USD,318040,324220,11-06-21 09:56:41
DOG/USD,318300,324210,11-06-21 09:56:31
DOG/USD,318000,324290,11-06-21 09:56:21
DOG/USD,318240,324300,11-06-21 09:56:11
DOG/USD,317850,324310,11-06-21 09:56:01
DOG/USD,317850,324300,11-06-21 09:55:51
DOG/USD,317830,324320,11-06-21 09:55:41
DOG/USD,317830,324330,11-06-21 09:55:31
DOG/USD,314700,327560,11-06-21 09:55:21
DOG/USD,314710,327630,11-06-21 09:55:11
DOG/USD,316590,327610,11-06-21 09:55:01
DOG/USD,315230,327590,11-06-21 09:54:51
DOG/USD,316590,327620,11-06-21 09:54:41
DOG/USD,314760,327650,11-06-21 09:54:31
DOG/USD,315820,327630,11-06-21 09:54:21
DOG/USD,315360,327600,11-06-21 09:54:11
DOG/USD,314800,327630,11-06-21 09:54:01
DOG/USD,316590,327700,11-06-21 09:53:51
DOG/USD,315030,327720,11-06-21 09:53:41
DOG/USD,316590,327760,11-06-21 09:53:31
DOG/USD,316590,327670,11-06-21 09:53:21
DOG/USD,316430,327630,11-06-21 09:53:11
DOG/USD,315990,327690,11-06-21 09:53:01
DOG/USD,314780,327690,11-06-21 09:52:51
DOG/USD,316760,327690,11-06-21 09:52:41
DOG/USD,316450,327690,11-06-21 09:52:31
DOG/USD,315640,327660,11-06-21 09:52:21
DOG/USD,316190,327690,11-06-21 09:52:11
DOG/USD,315850,327690,11-06-21 09:52:01
DOG/USD,315810,327690,11-06-21 09:51:51
DOG/USD,315190,327630,11-06-21 09:51:41
DOG/USD,314750,327700,11-06-21 09:51:31
DOG/USD,317880,324520,11-06-21 09:51:21
DOG/USD,317910,324520,11-06-21 09:51:11
DOG/USD,318040,324610,11-06-21 09:51:01
DOG/USD,318170,324760,11-06-21 09:50:51
DOG/USD,318250,324820,11-06-21 09:50:41
DOG/USD,318140,324620,11-06-21 09:50:31
DOG/USD,318100,324610,11-06-21 09:50:21
DOG/USD,318130,324660,11-06-21 09:50:11
DOG/USD,318070,324580,11-06-21 09:50:01
DOG/USD,318180,324700,11-06-21 09:49:51
DOG/USD,318180,324670,11-06-21 09:49:41
DOG/USD,318190,324650,11-06-21 09:49:31
DOG/USD,318250,324610,11-06-21 09:49:21
DOG/USD,318190,324640,11-06-21 09:49:11
DOG/USD,318220,324650,11-06-21 09:49:01
DOG/USD,318270,324740,11-06-21 09:48:51
DOG/USD,318150,324630,11-06-21 09:48:41
DOG/USD,318030,324620,11-06-21 09:48:31
DOG/USD,318080,324650,11-06-21 09:48:21
DOG/USD,318310,324730,11-06-21 09:48:11
DOG/USD,318480,324890,11-06-21 09:48:01
DOG/USD,318580,324870,11-06-21 09:47:51
DOG/USD,318250,324710,11-06-21 09:47:41
DOG/USD,318380,324770,11-06-21 09:47:31
DOG/USD,318420,324750,11-06-21 09:47:21
DOG/USD,318300,324680,11-06-21 09:47:11
DOG/USD,318290,324710,11-06-21 09:47:01
DOG/USD,318460,324770,11-06-21 09:46:51
DOG/USD,318400,324870,11-06-21 09:46:41
DOG/USD,318560,324870,11-06-21 09:46:31
DOG/USD,318580,324920,11-06-21 09:46:21
DOG/USD,318400,324960,11-06-21 09:46:11
DOG/USD,318720,324870,11-06-21 09:46:01
DOG/USD,318330,324800,11-06-21 09:45:51
DOG/USD,318360,324900,11-06-21 09:45:41
DOG/USD,318140,324840,11-06-21 09:45:31
DOG/USD,318370,324870,11-06-21 09:45:21
DOG/USD,318510,325020,11-06-21 09:45:11
DOG/USD,318660,325060,11-06-21 09:45:01
DOG/USD,318560,325060,11-06-21 09:44:51
DOG/USD,316790,328260,11-06-21 09:44:41
DOG/USD,315960,328290,11-06-21 09:44:31
DOG/USD,318100,328370,11-06-21 09:44:21
DOG/USD,317290,328450,11-06-21 09:44:11
DOG/USD,316480,328450,11-06-21 09:44:01
DOG/USD,318620,328470,11-06-21 09:43:51
DOG/USD,319480,328590,11-06-21 09:43:41
DOG/USD,318440,328600,11-06-21 09:43:31
DOG/USD,318450,328640,11-06-21 09:43:21
DOG/USD,316590,328520,11-06-21 09:43:11
DOG/USD,315720,328650,11-06-21 09:43:01
DOG/USD,317810,328660,11-06-21 09:42:51
DOG/USD,316930,328640,11-06-21 09:42:41
DOG/USD,316130,328620,11-06-21 09:42:31
DOG/USD,318520,328510,11-06-21 09:42:21
DOG/USD,318540,328740,11-06-21 09:42:11
DOG/USD,318050,328750,11-06-21 09:42:01
DOG/USD,317190,328740,11-06-21 09:41:51
DOG/USD,316310,328830,11-06-21 09:41:41
DOG/USD,318820,328960,11-06-21 09:41:31
DOG/USD,317770,328900,11-06-21 09:41:21
DOG/USD,316930,329060,11-06-21 09:41:11
DOG/USD,319980,329060,11-06-21 09:41:01
DOG/USD,319530,329070,11-06-21 09:40:51
DOG/USD,319500,325910,11-06-21 09:40:41
DOG/USD,319680,325880,11-06-21 09:40:31
DOG/USD,319590,325750,11-06-21 09:40:21
DOG/USD,319210,325600,11-06-21 09:40:11
DOG/USD,319320,325530,11-06-21 09:40:01
DOG/USD,319280,325580,11-06-21 09:39:51
DOG/USD,319290,325640,11-06-21 09:39:41
DOG/USD,319400,325670,11-06-21 09:39:30
DOG/USD,319030,325640,11-06-21 09:39:20
DOG/USD,319050,325510,11-06-21 09:39:11
DOG/USD,319330,325390,11-06-21 09:39:01
DOG/USD,319020,325450,11-06-21 09:38:51
DOG/USD,319080,325520,11-06-21 09:38:41
DOG/USD,319160,325510,11-06-21 09:38:31
DOG/USD,319070,325510,11-06-21 09:38:21
DOG/USD,319070,325440,11-06-21 09:38:11
DOG/USD,319590,325380,11-06-21 09:38:01
DOG/USD,320050,325410,11-06-21 09:37:51
DOG/USD,319260,325460,11-06-21 09:37:41
DOG/USD,319030,325430,11-06-21 09:37:31
DOG/USD,319110,325530,11-06-21 09:37:21
DOG/USD,318990,325480,11-06-21 09:37:11
DOG/USD,319230,325540,11-06-21 09:37:01
DOG/USD,319770,325600,11-06-21 09:36:51
DOG/USD,319170,325650,11-06-21 09:36:41
DOG/USD,319140,325730,11-06-21 09:36:30
DOG/USD,319200,325750,11-06-21 09:36:21
DOG/USD,319410,325770,11-06-21 09:36:11
DOG/USD,319100,325530,11-06-21 09:36:01
DOG/USD,319120,325550,11-06-21 09:35:51
DOG/USD,319060,325560,11-06-21 09:35:41
DOG/USD,319140,325620,11-06-21 09:35:31
DOG/USD,319550,325640,11-06-21 09:35:21
DOG/USD,319520,325690,11-06-21 09:35:11
DOG/USD,319260,325820,11-06-21 09:35:01
DOG/USD,319640,325760,11-06-21 09:34:51
DOG/USD,319490,325830,11-06-21 09:34:41
DOG/USD,318490,329140,11-06-21 09:34:31
DOG/USD,317630,329140,11-06-21 09:34:21
DOG/USD,316820,329060,11-06-21 09:34:11
DOG/USD,319340,329010,11-06-21 09:34:01
DOG/USD,319020,329180,11-06-21 09:33:51
DOG/USD,319280,329250,11-06-21 09:33:41
DOG/USD,318970,329490,11-06-21 09:33:31
DOG/USD,318880,329490,11-06-21 09:33:21
DOG/USD,318010,329600,11-06-21 09:33:11
DOG/USD,316800,329450,11-06-21 09:33:01
DOG/USD,319560,329460,11-06-21 09:32:51
DOG/USD,319490,329620,11-06-21 09:32:41
DOG/USD,318930,329690,11-06-21 09:32:31
DOG/USD,319450,329840,11-06-21 09:32:21
DOG/USD,318550,329800,11-06-21 09:32:11
DOG/USD,319460,329840,11-06-21 09:32:01
DOG/USD,318760,329900,11-06-21 09:31:51
DOG/USD,317630,329930,11-06-21 09:31:41
DOG/USD,320520,330090,11-06-21 09:31:31
DOG/USD,320000,330090,11-06-21 09:31:21
DOG/USD,319740,330180,11-06-21 09:31:11
DOG/USD,318890,330370,11-06-21 09:31:01
DOG/USD,318140,330500,11-06-21 09:30:51
DOG/USD,320620,327170,11-06-21 09:30:41
DOG/USD,320490,327380,11-06-21 09:30:31
DOG/USD,320390,326850,11-06-21 09:30:21
DOG/USD,320570,326850,11-06-21 09:30:11
DOG/USD,320230,326800,11-06-21 09:30:01
DOG/USD,320170,326720,11-06-21 09:29:51
DOG/USD,320850,326820,11-06-21 09:29:41
DOG/USD,320250,326810,11-06-21 09:29:31
DOG/USD,320250,326630,11-06-21 09:29:21
DOG/USD,320330,326610,11-06-21 09:29:11
DOG/USD,320040,326670,11-06-21 09:29:01
DOG/USD,320260,326650,11-06-21 09:28:51
DOG/USD,320050,326640,11-06-21 09:28:41
DOG/USD,319950,326490,11-06-21 09:28:31
DOG/USD,320430,326600,11-06-21 09:28:21
DOG/USD,320160,326610,11-06-21 09:28:11
DOG/USD,320910,326630,11-06-21 09:28:01
DOG/USD,320380,326700,11-06-21 09:27:51
DOG/USD,320360,326730,11-06-21 09:27:41
DOG/USD,320100,326690,11-06-21 09:27:31
DOG/USD,320350,326770,11-06-21 09:27:21
DOG/USD,320510,326760,11-06-21 09:27:11
DOG/USD,320150,326620,11-06-21 09:27:01
DOG/USD,319830,326590,11-06-21 09:26:51
DOG/USD,319880,326590,11-06-21 09:26:41
DOG/USD,319960,326470,11-06-21 09:26:31
DOG/USD,319670,326220,11-06-21 09:26:21
DOG/USD,319610,326210,11-06-21 09:26:11
DOG/USD,319590,326170,11-06-21 09:26:01
DOG/USD,319890,326110,11-06-21 09:25:51
DOG/USD,319610,326140,11-06-21 09:25:41
DOG/USD,319580,325950,11-06-21 09:25:31
DOG/USD,319260,325840,11-06-21 09:25:21
DOG/USD,319250,325670,11-06-21 09:25:11
DOG/USD,319590,325890,11-06-21 09:25:01
DOG/USD,319290,325700,11-06-21 09:24:51
DOG/USD,319330,325660,11-06-21 09:24:41
DOG/USD,319360,325700,11-06-21 09:24:31
DOG/USD,319170,325790,11-06-21 09:24:21
DOG/USD,319570,325800,11-06-21 09:24:11
DOG/USD,319470,325860,11-06-21 09:24:01
DOG/USD,319590,325970,11-06-21 09:23:51
DOG/USD,319910,325970,11-06-21 09:23:41
DOG/USD,319640,325970,11-06-21 09:23:31
DOG/USD,319870,326090,11-06-21 09:23:21
DOG/USD,319360,326150,11-06-21 09:23:11
DOG/USD,319250,325880,11-06-21 09:23:01
DOG/USD,319420,325620,11-06-21 09:22:51
DOG/USD,319210,325630,11-06-21 09:22:41
DOG/USD,319070,325610,11-06-21 09:22:31
DOG/USD,319120,325700,11-06-21 09:22:21
DOG/USD,319560,325730,11-06-21 09:22:11
DOG/USD,319420,325780,11-06-21 09:22:01
DOG/USD,319420,325520,11-06-21 09:21:51
DOG/USD,319460,325550,11-06-21 09:21:41
DOG/USD,318980,325600,11-06-21 09:21:31
DOG/USD,319130,325710,11-06-21 09:21:21
DOG/USD,319010,325570,11-06-21 09:21:11
DOG/USD,319120,325560,11-06-21 09:21:01
DOG/USD,319930,325770,11-06-21 09:20:51
DOG/USD,319330,325790,11-06-21 09:20:41
DOG/USD,319370,325780,11-06-21 09:20:31
DOG/USD,319990,325830,11-06-21 09:20:21
DOG/USD,319390,325880,11-06-21 09:20:11
DOG/USD,319580,325970,11-06-21 09:20:01
DOG/USD,319530,325990,11-06-21 09:19:51
DOG/USD,319620,325980,11-06-21 09:19:41
DOG/USD,319930,325980,11-06-21 09:19:31
DOG/USD,319580,325970,11-06-21 09:19:21
DOG/USD,319740,325990,11-06-21 09:19:10
DOG/USD,319500,325990,11-06-21 09:19:01
DOG/USD,319760,326020,11-06-21 09:18:51
DOG/USD,319560,326020,11-06-21 09:18:41
DOG/USD,320000,326010,11-06-21 09:18:31
DOG/USD,319470,325950,11-06-21 09:18:21
DOG/USD,320020,325960,11-06-21 09:18:11
DOG/USD,319470,326010,11-06-21 09:18:01
DOG/USD,319420,325930,11-06-21 09:17:51
DOG/USD,319770,325840,11-06-21 09:17:40
DOG/USD,319480,325850,11-06-21 09:17:31
DOG/USD,319310,325870,11-06-21 09:17:21
DOG/USD,319480,325910,11-06-21 09:17:11
DOG/USD,319630,326010,11-06-21 09:17:01
DOG/USD,319900,326100,11-06-21 09:16:51
DOG/USD,319740,326100,11-06-21 09:16:41
DOG/USD,319730,326250,11-06-21 09:16:31
DOG/USD,320010,326230,11-06-21 09:16:21
DOG/USD,319550,326160,11-06-21 09:16:11
DOG/USD,319780,326070,11-06-21 09:16:01
DOG/USD,319870,326180,11-06-21 09:15:51
DOG/USD,319260,325930,11-06-21 09:15:41
DOG/USD,319240,325900,11-06-21 09:15:31
DOG/USD,320120,326160,11-06-21 09:15:21
DOG/USD,319410,326440,11-06-21 09:15:11
DOG/USD,319560,326340,11-06-21 09:15:01
DOG/USD,319190,325850,11-06-21 09:14:51
DOG/USD,319040,325670,11-06-21 09:14:41
DOG/USD,319100,325520,11-06-21 09:14:31
DOG/USD,320210,325650,11-06-21 09:14:21
DOG/USD,319190,325640,11-06-21 09:14:11
DOG/USD,319230,325590,11-06-21 09:14:01
DOG/USD,319100,325570,11-06-21 09:13:51
DOG/USD,319320,325590,11-06-21 09:13:41
DOG/USD,319060,325650,11-06-21 09:13:31
DOG/USD,319070,325680,11-06-21 09:13:21
DOG/USD,319310,325640,11-06-21 09:13:11
DOG/USD,318990,325420,11-06-21 09:13:01
DOG/USD,319040,325470,11-06-21 09:12:51
DOG/USD,319080,325390,11-06-21 09:12:41
DOG/USD,318900,325410,11-06-21 09:12:30
DOG/USD,319090,325420,11-06-21 09:12:21
DOG/USD,319390,325450,11-06-21 09:12:11
DOG/USD,319340,325460,11-06-21 09:12:01
DOG/USD,319030,325430,11-06-21 09:11:51
DOG/USD,319360,325420,11-06-21 09:11:41
DOG/USD,319010,325350,11-06-21 09:11:31
DOG/USD,319570,325390,11-06-21 09:11:21
DOG/USD,319170,325400,11-06-21 09:11:11
DOG/USD,319030,325400,11-06-21 09:11:01
DOG/USD,318930,325390,11-06-21 09:10:51
DOG/USD,319020,325400,11-06-21 09:10:41
DOG/USD,318950,325400,11-06-21 09:10:31
DOG/USD,318960,325380,11-06-21 09:10:21
DOG/USD,319330,325380,11-06-21 09:10:11
DOG/USD,318950,325320,11-06-21 09:10:01
DOG/USD,318990,325300,11-06-21 09:09:51
DOG/USD,318900,325290,11-06-21 09:09:41
DOG/USD,318960,325350,11-06-21 09:09:31
DOG/USD,318870,325320,11-06-21 09:09:20
DOG/USD,319220,325320,11-06-21 09:09:11
DOG/USD,319060,325270,11-06-21 09:09:01
DOG/USD,319130,325310,11-06-21 09:08:51
DOG/USD,319530,325370,11-06-21 09:08:41
DOG/USD,319270,325410,11-06-21 09:08:31
DOG/USD,318900,325310,11-06-21 09:08:21
DOG/USD,318690,325080,11-06-21 09:08:11
DOG/USD,318560,325010,11-06-21 09:08:01
DOG/USD,318600,325060,11-06-21 09:07:51
DOG/USD,318690,325090,11-06-21 09:07:41
DOG/USD,318600,325120,11-06-21 09:07:31
DOG/USD,318740,325170,11-06-21 09:07:21
DOG/USD,318630,325160,11-06-21 09:07:11
DOG/USD,318870,325230,11-06-21 09:07:01
DOG/USD,318680,325210,11-06-21 09:06:51
DOG/USD,318730,325110,11-06-21 09:06:41
DOG/USD,318550,325120,11-06-21 09:06:31
DOG/USD,318790,325250,11-06-21 09:06:21
DOG/USD,318600,325230,11-06-21 09:06:11
DOG/USD,319020,325000,11-06-21 09:06:01
DOG/USD,318500,325000,11-06-21 09:05:51
DOG/USD,318340,325020,11-06-21 09:05:41
DOG/USD,318340,324960,11-06-21 09:05:31
DOG/USD,318320,324830,11-06-21 09:05:21
DOG/USD,318260,324680,11-06-21 09:05:11
DOG/USD,318240,324680,11-06-21 09:05:01
DOG/USD,318370,324740,11-06-21 09:04:51
DOG/USD,318170,324740,11-06-21 09:04:41
DOG/USD,318780,324810,11-06-21 09:04:31
DOG/USD,318560,324940,11-06-21 09:04:21
DOG/USD,318350,324940,11-06-21 09:04:11
DOG/USD,318280,324690,11-06-21 09:04:01
DOG/USD,318260,324670,11-06-21 09:03:51
DOG/USD,318220,324590,11-06-21 09:03:41
DOG/USD,318150,324560,11-06-21 09:03:31
DOG/USD,318120,324580,11-06-21 09:03:21
DOG/USD,318220,324610,11-06-21 09:03:11
DOG/USD,318010,324500,11-06-21 09:03:01
DOG/USD,318070,324590,11-06-21 09:02:51
DOG/USD,318190,324540,11-06-21 09:02:41
DOG/USD,318240,324530,11-06-21 09:02:31
DOG/USD,318010,324460,11-06-21 09:02:21
DOG/USD,318000,324410,11-06-21 09:02:11
DOG/USD,318090,324440,11-06-21 09:02:01
DOG/USD,318040,324440,11-06-21 09:01:51
DOG/USD,318110,324420,11-06-21 09:01:41
DOG/USD,318090,324410,11-06-21 09:01:31
DOG/USD,317930,324390,11-06-21 09:01:21
DOG/USD,318140,324380,11-06-21 09:01:11
DOG/USD,318000,324410,11-06-21 09:01:01
DOG/USD,317890,324450,11-06-21 09:00:51
DOG/USD,318140,324570,11-06-21 09:00:41
DOG/USD,317950,324380,11-06-21 09:00:31
DOG/USD,317850,324380,11-06-21 09:00:21
DOG/USD,317760,324290,11-06-21 09:00:11
DOG/USD,317840,324060,11-06-21 09:00:01
DOG/USD,317610,324110,11-06-21 08:59:51
DOG/USD,318260,324240,11-06-21 08:59:41
DOG/USD,317610,324230,11-06-21 08:59:31
DOG/USD,317840,324080,11-06-21 08:59:21
DOG/USD,317970,323730,11-06-21 08:59:11
DOG/USD,317650,323740,11-06-21 08:59:01
DOG/USD,317470,323780,11-06-21 08:58:51
DOG/USD,317410,323780,11-06-21 08:58:41
DOG/USD,317310,323740,11-06-21 08:58:31
DOG/USD,317410,323860,11-06-21 08:58:21
DOG/USD,317560,323860,11-06-21 08:58:11
DOG/USD,317610,323840,11-06-21 08:58:01
DOG/USD,317370,323870,11-06-21 08:57:51
DOG/USD,317410,323720,11-06-21 08:57:41
DOG/USD,317320,323650,11-06-21 08:57:31
DOG/USD,317620,323620,11-06-21 08:57:21
DOG/USD,318470,323630,11-06-21 08:57:11
DOG/USD,317300,323560,11-06-21 08:57:01
DOG/USD,317180,323570,11-06-21 08:56:51
DOG/USD,317130,323570,11-06-21 08:56:41
DOG/USD,317160,323510,11-06-21 08:56:31
DOG/USD,317110,323520,11-06-21 08:56:21
DOG/USD,317600,326910,11-06-21 08:56:11
DOG/USD,314900,326880,11-06-21 08:56:01
DOG/USD,318270,326920,11-06-21 08:55:51
DOG/USD,317430,326740,11-06-21 08:55:41
DOG/USD,314050,326570,11-06-21 08:55:31
DOG/USD,316950,326720,11-06-21 08:55:21
DOG/USD,316280,326660,11-06-21 08:55:11
DOG/USD,315870,326650,11-06-21 08:55:01
DOG/USD,315530,326760,11-06-21 08:54:51
DOG/USD,314400,326790,11-06-21 08:54:41
DOG/USD,314720,326830,11-06-21 08:54:31
DOG/USD,317290,326860,11-06-21 08:54:21
DOG/USD,314650,327010,11-06-21 08:54:11
DOG/USD,317330,327010,11-06-21 08:54:01
DOG/USD,316250,327020,11-06-21 08:53:51
DOG/USD,316020,327040,11-06-21 08:53:41
DOG/USD,315600,326970,11-06-21 08:53:31
DOG/USD,314820,326840,11-06-21 08:53:21
DOG/USD,317290,326940,11-06-21 08:53:11
DOG/USD,315940,326730,11-06-21 08:53:01
DOG/USD,315710,326770,11-06-21 08:52:51
DOG/USD,315390,326770,11-06-21 08:52:41
DOG/USD,314540,326770,11-06-21 08:52:31
DOG/USD,317680,323570,11-06-21 08:52:21
DOG/USD,317320,323670,11-06-21 08:52:11
DOG/USD,317700,323620,11-06-21 08:52:01
DOG/USD,317500,323770,11-06-21 08:51:51
DOG/USD,317380,323790,11-06-21 08:51:41
DOG/USD,317600,323820,11-06-21 08:51:31
DOG/USD,317760,323840,11-06-21 08:51:21
DOG/USD,317440,323870,11-06-21 08:51:11
DOG/USD,317170,323810,11-06-21 08:51:01
DOG/USD,316970,323580,11-06-21 08:50:51
DOG/USD,317060,323510,11-06-21 08:50:41
DOG/USD,317240,323600,11-06-21 08:50:31
DOG/USD,318070,323660,11-06-21 08:50:21
DOG/USD,317220,323730,11-06-21 08:50:11
DOG/USD,317580,323760,11-06-21 08:50:01
DOG/USD,317770,323780,11-06-21 08:49:51
DOG/USD,317470,323850,11-06-21 08:49:41
DOG/USD,318070,323960,11-06-21 08:49:31
DOG/USD,317890,323940,11-06-21 08:49:21
DOG/USD,317510,323740,11-06-21 08:49:11
DOG/USD,317280,323710,11-06-21 08:49:01
DOG/USD,317460,323830,11-06-21 08:48:51
DOG/USD,317390,323820,11-06-21 08:48:41
DOG/USD,317370,323930,11-06-21 08:48:31
DOG/USD,317750,324110,11-06-21 08:48:21
DOG/USD,317800,324090,11-06-21 08:48:11
DOG/USD,317390,327590,11-06-21 08:48:01
DOG/USD,317490,327490,11-06-21 08:47:51
DOG/USD,317350,327300,11-06-21 08:47:41
DOG/USD,315660,327240,11-06-21 08:47:31
DOG/USD,314770,327330,11-06-21 08:47:21
DOG/USD,317180,327370,11-06-21 08:47:11
DOG/USD,317340,327460,11-06-21 08:47:01
DOG/USD,316590,327400,11-06-21 08:46:51
DOG/USD,315690,327400,11-06-21 08:46:41
DOG/USD,314800,327390,11-06-21 08:46:31
DOG/USD,315360,327580,11-06-21 08:46:21
DOG/USD,317680,327580,11-06-21 08:46:11
DOG/USD,317090,327470,11-06-21 08:46:01
DOG/USD,316910,327470,11-06-21 08:45:51
DOG/USD,315580,327450,11-06-21 08:45:41
DOG/USD,314690,327450,11-06-21 08:45:31
DOG/USD,316870,327520,11-06-21 08:45:21
DOG/USD,316010,327310,11-06-21 08:45:11
DOG/USD,315310,327620,11-06-21 08:45:01
DOG/USD,317330,327540,11-06-21 08:44:51
DOG/USD,317480,327590,11-06-21 08:44:41
DOG/USD,316640,327590,11-06-21 08:44:31
DOG/USD,315890,327610,11-06-21 08:44:21
DOG/USD,317980,327560,11-06-21 08:44:11
DOG/USD,317890,324350,11-06-21 08:44:01
DOG/USD,317940,324370,11-06-21 08:43:51
DOG/USD,317790,324300,11-06-21 08:43:41
DOG/USD,318120,324440,11-06-21 08:43:31
DOG/USD,317820,324400,11-06-21 08:43:21
DOG/USD,318200,324500,11-06-21 08:43:11
DOG/USD,318170,324580,11-06-21 08:43:01
DOG/USD,318090,324570,11-06-21 08:42:51
DOG/USD,318060,324660,11-06-21 08:42:41
DOG/USD,318160,324660,11-06-21 08:42:31
DOG/USD,318440,324730,11-06-21 08:42:21
DOG/USD,318310,324890,11-06-21 08:42:11
DOG/USD,318600,324830,11-06-21 08:42:01
DOG/USD,318260,324690,11-06-21 08:41:51
DOG/USD,318490,324700,11-06-21 08:41:41
DOG/USD,318200,324680,11-06-21 08:41:31
DOG/USD,319390,324710,11-06-21 08:41:21
DOG/USD,318240,324710,11-06-21 08:41:11
DOG/USD,318310,324780,11-06-21 08:41:01
DOG/USD,318360,324830,11-06-21 08:40:51
DOG/USD,318300,324810,11-06-21 08:40:41
DOG/USD,318810,324970,11-06-21 08:40:31
DOG/USD,318480,325050,11-06-21 08:40:21
DOG/USD,318500,324900,11-06-21 08:40:11
DOG/USD,318390,324800,11-06-21 08:40:01
DOG/USD,318490,324840,11-06-21 08:39:51
DOG/USD,318420,324820,11-06-21 08:39:41
DOG/USD,318720,324780,11-06-21 08:39:31
DOG/USD,319370,324940,11-06-21 08:39:21
DOG/USD,318640,324980,11-06-21 08:39:11
DOG/USD,318450,325010,11-06-21 08:39:01
DOG/USD,319070,325090,11-06-21 08:38:51
DOG/USD,319300,325130,11-06-21 08:38:41
DOG/USD,318700,325250,11-06-21 08:38:31
DOG/USD,318760,325270,11-06-21 08:38:21
DOG/USD,315890,328410,11-06-21 08:38:11
DOG/USD,315510,328510,11-06-21 08:38:01
DOG/USD,315510,328530,11-06-21 08:37:51
DOG/USD,315690,328600,11-06-21 08:37:41
DOG/USD,315690,328770,11-06-21 08:37:31
DOG/USD,315730,328660,11-06-21 08:37:21
DOG/USD,315590,328650,11-06-21 08:37:11
DOG/USD,315710,328710,11-06-21 08:37:01
DOG/USD,315710,328730,11-06-21 08:36:51
DOG/USD,315740,328770,11-06-21 08:36:41
DOG/USD,315670,328660,11-06-21 08:36:31
DOG/USD,315640,328570,11-06-21 08:36:20
DOG/USD,315540,328590,11-06-21 08:36:11
DOG/USD,315520,328660,11-06-21 08:36:01
DOG/USD,315500,328650,11-06-21 08:35:51
DOG/USD,315670,328870,11-06-21 08:35:41
DOG/USD,315820,328870,11-06-21 08:35:31
DOG/USD,315650,328810,11-06-21 08:35:21
DOG/USD,315650,328670,11-06-21 08:35:11
DOG/USD,315490,328710,11-06-21 08:35:01
DOG/USD,315430,328510,11-06-21 08:34:51
DOG/USD,315340,328460,11-06-21 08:34:41
DOG/USD,315520,328450,11-06-21 08:34:31
DOG/USD,318750,328610,11-06-21 08:34:21
DOG/USD,318780,325440,11-06-21 08:34:11
DOG/USD,318890,325530,11-06-21 08:34:01
DOG/USD,318770,325390,11-06-21 08:33:51
DOG/USD,318660,325290,11-06-21 08:33:41
DOG/USD,318770,325460,11-06-21 08:33:31
DOG/USD,318720,325360,11-06-21 08:33:21
DOG/USD,318630,325250,11-06-21 08:33:11
DOG/USD,318650,325400,11-06-21 08:33:01
DOG/USD,318790,325440,11-06-21 08:32:51
DOG/USD,319300,325480,11-06-21 08:32:41
DOG/USD,319250,325630,11-06-21 08:32:31
DOG/USD,319620,325640,11-06-21 08:32:21
DOG/USD,319400,325730,11-06-21 08:32:11
DOG/USD,319240,325710,11-06-21 08:32:01
DOG/USD,319550,325590,11-06-21 08:31:51
DOG/USD,319040,325720,11-06-21 08:31:41
DOG/USD,319830,325770,11-06-21 08:31:31
DOG/USD,319430,325820,11-06-21 08:31:21
DOG/USD,319590,326010,11-06-21 08:31:11
DOG/USD,319580,326010,11-06-21 08:31:01
DOG/USD,319510,326070,11-06-21 08:30:51
DOG/USD,319670,326100,11-06-21 08:30:41
DOG/USD,319710,326150,11-06-21 08:30:31
DOG/USD,320320,326250,11-06-21 08:30:21
DOG/USD,319820,326340,11-06-21 08:30:11
DOG/USD,320160,326120,11-06-21 08:30:01
DOG/USD,321010,326130,11-06-21 08:29:51
DOG/USD,320190,326210,11-06-21 08:29:41
DOG/USD,319640,326200,11-06-21 08:29:31
DOG/USD,319690,326100,11-06-21 08:29:21
DOG/USD,319580,326030,11-06-21 08:29:11
DOG/USD,319680,326080,11-06-21 08:29:01
DOG/USD,320000,326120,11-06-21 08:28:51
DOG/USD,319880,326130,11-06-21 08:28:41
DOG/USD,319650,326220,11-06-21 08:28:31
DOG/USD,319610,326180,11-06-21 08:28:21
DOG/USD,319690,326170,11-06-21 08:28:11
DOG/USD,319540,326040,11-06-21 08:28:01
DOG/USD,319940,326040,11-06-21 08:27:51
DOG/USD,319560,326040,11-06-21 08:27:41
DOG/USD,319560,326090,11-06-21 08:27:31
DOG/USD,319600,326080,11-06-21 08:27:21
DOG/USD,319890,326130,11-06-21 08:27:11
DOG/USD,319970,326080,11-06-21 08:27:01
DOG/USD,319640,326090,11-06-21 08:26:51
DOG/USD,320340,326220,11-06-21 08:26:41
DOG/USD,320190,326230,11-06-21 08:26:31
DOG/USD,319650,326260,11-06-21 08:26:21
DOG/USD,319840,326210,11-06-21 08:26:11
DOG/USD,319840,326110,11-06-21 08:26:01
DOG/USD,319770,325970,11-06-21 08:25:51
DOG/USD,319470,325950,11-06-21 08:25:41
DOG/USD,319530,325990,11-06-21 08:25:31
DOG/USD,319490,325980,11-06-21 08:25:21
DOG/USD,319790,326040,11-06-21 08:25:11
DOG/USD,319650,326020,11-06-21 08:25:01
DOG/USD,319710,325920,11-06-21 08:24:51
DOG/USD,319840,326040,11-06-21 08:24:41
DOG/USD,319690,326070,11-06-21 08:24:31
DOG/USD,319660,325910,11-06-21 08:24:21
DOG/USD,319560,325860,11-06-21 08:24:11
DOG/USD,319840,325850,11-06-21 08:24:01
DOG/USD,319290,325780,11-06-21 08:23:51
DOG/USD,319210,325790,11-06-21 08:23:41
DOG/USD,319430,325820,11-06-21 08:23:31
DOG/USD,319850,325930,11-06-21 08:23:21
DOG/USD,319470,325970,11-06-21 08:23:11
DOG/USD,319650,325850,11-06-21 08:23:01
DOG/USD,319760,325860,11-06-21 08:22:51
DOG/USD,319500,325770,11-06-21 08:22:41
DOG/USD,319500,325760,11-06-21 08:22:31
DOG/USD,319330,325780,11-06-21 08:22:21
DOG/USD,319220,325680,11-06-21 08:22:11
DOG/USD,319430,325700,11-06-21 08:22:01
DOG/USD,319880,325770,11-06-21 08:21:50
DOG/USD,319220,325750,11-06-21 08:21:41
DOG/USD,319430,325790,11-06-21 08:21:31
DOG/USD,319360,325890,11-06-21 08:21:20
DOG/USD,319530,325850,11-06-21 08:21:11
DOG/USD,319310,325760,11-06-21 08:21:01
DOG/USD,319460,325720,11-06-21 08:20:50
DOG/USD,319220,325770,11-06-21 08:20:41
DOG/USD,319250,325790,11-06-21 08:20:31
DOG/USD,319500,325840,11-06-21 08:20:21
DOG/USD,319880,325870,11-06-21 08:20:11
DOG/USD,319530,325980,11-06-21 08:20:01
DOG/USD,319490,326020,11-06-21 08:19:51
DOG/USD,320670,325780,11-06-21 08:19:41
DOG/USD,319790,325740,11-06-21 08:19:31
DOG/USD,319210,325760,11-06-21 08:19:21
DOG/USD,319570,325710,11-06-21 08:19:11
DOG/USD,319330,325790,11-06-21 08:19:01
DOG/USD,319130,325710,11-06-21 08:18:51
DOG/USD,319380,325610,11-06-21 08:18:41
DOG/USD,319590,325710,11-06-21 08:18:31
DOG/USD,319130,325860,11-06-21 08:18:21
DOG/USD,319260,325790,11-06-21 08:18:11
DOG/USD,319550,325860,11-06-21 08:18:01
DOG/USD,319670,326000,11-06-21 08:17:51
DOG/USD,319720,325970,11-06-21 08:17:41
DOG/USD,320150,325980,11-06-21 08:17:31
DOG/USD,320310,326270,11-06-21 08:17:21
DOG/USD,319690,326320,11-06-21 08:17:11
DOG/USD,319640,326350,11-06-21 08:17:01
DOG/USD,320580,326480,11-06-21 08:16:51
DOG/USD,320600,326610,11-06-21 08:16:41
DOG/USD,320980,326550,11-06-21 08:16:31
DOG/USD,320280,326530,11-06-21 08:16:21
DOG/USD,320010,326420,11-06-21 08:16:11
DOG/USD,320590,326430,11-06-21 08:16:01
DOG/USD,320900,326430,11-06-21 08:15:51
DOG/USD,320120,326510,11-06-21 08:15:41
DOG/USD,320220,326560,11-06-21 08:15:31
DOG/USD,321220,326590,11-06-21 08:15:21
DOG/USD,320480,326590,11-06-21 08:15:11
DOG/USD,319900,326430,11-06-21 08:15:01
DOG/USD,320730,326430,11-06-21 08:14:51
DOG/USD,320120,326460,11-06-21 08:14:41
DOG/USD,320000,326480,11-06-21 08:14:31
DOG/USD,319980,326550,11-06-21 08:14:21
DOG/USD,320700,326610,11-06-21 08:14:11
DOG/USD,320190,326540,11-06-21 08:14:01
DOG/USD,320780,326700,11-06-21 08:13:51
DOG/USD,320230,326640,11-06-21 08:13:41
DOG/USD,320380,326650,11-06-21 08:13:31
DOG/USD,320260,326690,11-06-21 08:13:21
DOG/USD,320300,326630,11-06-21 08:13:11
DOG/USD,320370,326650,11-06-21 08:13:01
DOG/USD,320260,326670,11-06-21 08:12:51
DOG/USD,320230,326680,11-06-21 08:12:41
DOG/USD,320930,326800,11-06-21 08:12:31
DOG/USD,320330,326770,11-06-21 08:12:21
DOG/USD,320270,326820,11-06-21 08:12:11
DOG/USD,320940,327050,11-06-21 08:12:01
DOG/USD,320540,327050,11-06-21 08:11:51
DOG/USD,320340,326860,11-06-21 08:11:41
DOG/USD,320250,326860,11-06-21 08:11:31
DOG/USD,320290,326840,11-06-21 08:11:21
DOG/USD,320530,326920,11-06-21 08:11:11
DOG/USD,320420,326950,11-06-21 08:11:01
DOG/USD,321010,326970,11-06-21 08:10:51
DOG/USD,320620,326960,11-06-21 08:10:41
DOG/USD,320840,327090,11-06-21 08:10:31
DOG/USD,317620,330280,11-06-21 08:10:21
DOG/USD,317540,330350,11-06-21 08:10:11
DOG/USD,317820,330460,11-06-21 08:10:00
DOG/USD,318200,330450,11-06-21 08:09:51
DOG/USD,317650,330390,11-06-21 08:09:41
DOG/USD,318030,330390,11-06-21 08:09:31
DOG/USD,317950,330390,11-06-21 08:09:21
DOG/USD,317800,330320,11-06-21 08:09:11
DOG/USD,317460,330290,11-06-21 08:09:01
DOG/USD,317630,330390,11-06-21 08:08:51
DOG/USD,318080,330390,11-06-21 08:08:41
DOG/USD,317950,330380,11-06-21 08:08:31
DOG/USD,317410,330410,11-06-21 08:08:21
DOG/USD,317580,330390,11-06-21 08:08:11
DOG/USD,317850,330270,11-06-21 08:08:01
DOG/USD,317520,330270,11-06-21 08:07:51
DOG/USD,317450,330490,11-06-21 08:07:41
DOG/USD,318530,330450,11-06-21 08:07:31
DOG/USD,317970,330450,11-06-21 08:07:21
DOG/USD,317500,330130,11-06-21 08:07:11
DOG/USD,317810,330140,11-06-21 08:07:01
DOG/USD,317220,330180,11-06-21 08:06:51
DOG/USD,317960,330060,11-06-21 08:06:41
DOG/USD,317180,330060,11-06-21 08:06:31
DOG/USD,320260,326840,11-06-21 08:06:21
DOG/USD,320380,326870,11-06-21 08:06:11
DOG/USD,320490,326950,11-06-21 08:06:01
DOG/USD,320490,327030,11-06-21 08:05:51
DOG/USD,320680,327070,11-06-21 08:05:41
DOG/USD,320380,326990,11-06-21 08:05:31
DOG/USD,320480,326960,11-06-21 08:05:21
DOG/USD,320730,326840,11-06-21 08:05:11
DOG/USD,320410,326800,11-06-21 08:05:01
DOG/USD,320400,326890,11-06-21 08:04:51
DOG/USD,320260,326930,11-06-21 08:04:41
DOG/USD,320150,326840,11-06-21 08:04:31
DOG/USD,320250,326600,11-06-21 08:04:21
DOG/USD,320090,326470,11-06-21 08:04:11
DOG/USD,319840,326580,11-06-21 08:04:01
DOG/USD,319710,326540,11-06-21 08:03:51
DOG/USD,319650,326520,11-06-21 08:03:41
DOG/USD,319500,326360,11-06-21 08:03:31
DOG/USD,319440,326240,11-06-21 08:03:21
DOG/USD,319240,325970,11-06-21 08:03:11
DOG/USD,319200,326000,11-06-21 08:03:01
DOG/USD,318860,325770,11-06-21 08:02:51
DOG/USD,319030,325780,11-06-21 08:02:41
DOG/USD,319450,326030,11-06-21 08:02:31
DOG/USD,319420,326070,11-06-21 08:02:21
DOG/USD,319580,326100,11-06-21 08:02:11
DOG/USD,319670,326220,11-06-21 08:02:01
DOG/USD,319660,326280,11-06-21 08:01:51
DOG/USD,319580,326260,11-06-21 08:01:41
DOG/USD,319580,326200,11-06-21 08:01:31
DOG/USD,319480,325960,11-06-21 08:01:21
DOG/USD,319480,325960,11-06-21 08:01:11
DOG/USD,319540,325980,11-06-21 08:01:01
DOG/USD,317070,329270,11-06-21 08:00:51
DOG/USD,316970,329270,11-06-21 08:00:41
DOG/USD,316250,329310,11-06-21 08:00:31
DOG/USD,316380,329410,11-06-21 08:00:21
DOG/USD,316480,329390,11-06-21 08:00:11
DOG/USD,316360,329430,11-06-21 08:00:01
DOG/USD,316360,329430,11-06-21 07:59:51
DOG/USD,316380,329440,11-06-21 07:59:41
DOG/USD,316440,329560,11-06-21 07:59:31
DOG/USD,316450,329560,11-06-21 07:59:21
DOG/USD,316430,329500,11-06-21 07:59:11
DOG/USD,316310,329330,11-06-21 07:59:01
DOG/USD,316230,329380,11-06-21 07:58:51
DOG/USD,316190,329370,11-06-21 07:58:41
DOG/USD,316120,329120,11-06-21 07:58:31
DOG/USD,316120,329120,11-06-21 07:58:21
DOG/USD,317570,329100,11-06-21 07:58:11
DOG/USD,317570,329100,11-06-21 07:58:01
DOG/USD,316320,329100,11-06-21 07:57:51
DOG/USD,317630,329100,11-06-21 07:57:41
DOG/USD,317580,329150,11-06-21 07:57:31
DOG/USD,317540,329060,11-06-21 07:57:21
DOG/USD,316290,328930,11-06-21 07:57:11
DOG/USD,319280,325760,11-06-21 07:57:01
DOG/USD,320050,325720,11-06-21 07:56:51
DOG/USD,319310,325820,11-06-21 07:56:41
DOG/USD,319630,325990,11-06-21 07:56:31
DOG/USD,319040,325790,11-06-21 07:56:21
DOG/USD,319290,325880,11-06-21 07:56:11
DOG/USD,319450,326010,11-06-21 07:56:01
DOG/USD,319430,326020,11-06-21 07:55:51
DOG/USD,319410,326030,11-06-21 07:55:41
DOG/USD,319490,326180,11-06-21 07:55:31
DOG/USD,319370,326080,11-06-21 07:55:21
DOG/USD,319300,326040,11-06-21 07:55:11
DOG/USD,319360,326390,11-06-21 07:55:01
DOG/USD,319270,326180,11-06-21 07:54:51
DOG/USD,319250,325970,11-06-21 07:54:41
DOG/USD,319030,325630,11-06-21 07:54:31
DOG/USD,318980,325520,11-06-21 07:54:21
DOG/USD,318960,325470,11-06-21 07:54:11
DOG/USD,318970,325460,11-06-21 07:54:01
DOG/USD,319000,325550,11-06-21 07:53:51
DOG/USD,319010,325540,11-06-21 07:53:41
DOG/USD,319200,325580,11-06-21 07:53:31
DOG/USD,319170,325630,11-06-21 07:53:21
DOG/USD,319960,325530,11-06-21 07:53:11
DOG/USD,319200,325540,11-06-21 07:53:01
DOG/USD,319010,325500,11-06-21 07:52:51
DOG/USD,319020,325500,11-06-21 07:52:41
DOG/USD,319000,325510,11-06-21 07:52:31
DOG/USD,318970,325510,11-06-21 07:52:21
DOG/USD,318950,325500,11-06-21 07:52:11
DOG/USD,318990,325530,11-06-21 07:52:01
DOG/USD,319060,325610,11-06-21 07:51:51
DOG/USD,316650,328890,11-06-21 07:51:41
DOG/USD,316430,328920,11-06-21 07:51:31
DOG/USD,316250,328920,11-06-21 07:51:21
DOG/USD,315750,328770,11-06-21 07:51:11
DOG/USD,315760,328910,11-06-21 07:51:01
DOG/USD,315890,328960,11-06-21 07:50:51
DOG/USD,315730,328960,11-06-21 07:50:41
DOG/USD,315640,328950,11-06-21 07:50:31
DOG/USD,315710,328900,11-06-21 07:50:21
DOG/USD,316010,328630,11-06-21 07:50:11
DOG/USD,316400,328430,11-06-21 07:50:01
DOG/USD,315640,328500,11-06-21 07:49:51
DOG/USD,316810,328540,11-06-21 07:49:41
DOG/USD,317150,328630,11-06-21 07:49:31
DOG/USD,316490,328660,11-06-21 07:49:21
DOG/USD,316490,328570,11-06-21 07:49:11
DOG/USD,315800,328950,11-06-21 07:49:01
DOG/USD,316620,328960,11-06-21 07:48:51
DOG/USD,315770,328920,11-06-21 07:48:41
DOG/USD,317000,328750,11-06-21 07:48:31
DOG/USD,316900,328750,11-06-21 07:48:21
DOG/USD,316150,328800,11-06-21 07:48:11
DOG/USD,317110,328960,11-06-21 07:48:01
DOG/USD,316280,329160,11-06-21 07:47:51
DOG/USD,319400,325960,11-06-21 07:47:41
DOG/USD,319360,326090,11-06-21 07:47:31
DOG/USD,319340,326280,11-06-21 07:47:21
DOG/USD,319330,325820,11-06-21 07:47:11
DOG/USD,319030,325460,11-06-21 07:47:01
DOG/USD,319170,325470,11-06-21 07:46:51
DOG/USD,319600,325510,11-06-21 07:46:41
DOG/USD,319050,325520,11-06-21 07:46:31
DOG/USD,319130,325480,11-06-21 07:46:21
DOG/USD,319050,325610,11-06-21 07:46:11
DOG/USD,319090,325620,11-06-21 07:46:01
DOG/USD,319310,325680,11-06-21 07:45:51
DOG/USD,319190,325850,11-06-21 07:45:41
DOG/USD,319370,325890,11-06-21 07:45:31
DOG/USD,319340,326000,11-06-21 07:45:21
DOG/USD,319580,326240,11-06-21 07:45:11
DOG/USD,319650,326090,11-06-21 07:45:01
DOG/USD,319310,325810,11-06-21 07:44:51
DOG/USD,319190,325810,11-06-21 07:44:41
DOG/USD,319670,325830,11-06-21 07:44:31
DOG/USD,319540,325770,11-06-21 07:44:21
DOG/USD,319050,325640,11-06-21 07:44:11
DOG/USD,319050,325780,11-06-21 07:44:01
DOG/USD,319180,325800,11-06-21 07:43:51
DOG/USD,319200,325640,11-06-21 07:43:41
DOG/USD,318930,325420,11-06-21 07:43:31
DOG/USD,318910,325470,11-06-21 07:43:21
DOG/USD,318850,325470,11-06-21 07:43:11
DOG/USD,318860,325160,11-06-21 07:43:01
DOG/USD,318820,325300,11-06-21 07:42:51
DOG/USD,318910,325420,11-06-21 07:42:41
DOG/USD,318930,325410,11-06-21 07:42:31
DOG/USD,319030,325380,11-06-21 07:42:21
DOG/USD,319110,325490,11-06-21 07:42:11
DOG/USD,319180,325600,11-06-21 07:42:01
DOG/USD,319180,325570,11-06-21 07:41:51
DOG/USD,319390,325660,11-06-21 07:41:41
DOG/USD,319280,325650,11-06-21 07:41:31
DOG/USD,319350,325630,11-06-21 07:41:21
DOG/USD,319350,325720,11-06-21 07:41:11
DOG/USD,320280,325770,11-06-21 07:41:01
DOG/USD,319540,325740,11-06-21 07:40:51
DOG/USD,319600,325770,11-06-21 07:40:41
DOG/USD,319530,325970,11-06-21 07:40:31
DOG/USD,319670,325950,11-06-21 07:40:21
DOG/USD,319240,325780,11-06-21 07:40:11
DOG/USD,319340,325840,11-06-21 07:40:01
DOG/USD,319240,325760,11-06-21 07:39:51
DOG/USD,319380,325880,11-06-21 07:39:41
DOG/USD,319380,325880,11-06-21 07:39:31
DOG/USD,319460,325880,11-06-21 07:39:21
DOG/USD,319620,325900,11-06-21 07:39:11
DOG/USD,319650,325980,11-06-21 07:39:01
DOG/USD,319700,326010,11-06-21 07:38:51
DOG/USD,319600,326020,11-06-21 07:38:41
DOG/USD,319570,326030,11-06-21 07:38:31
DOG/USD,319640,326020,11-06-21 07:38:21
DOG/USD,319550,326040,11-06-21 07:38:11
DOG/USD,319590,326080,11-06-21 07:38:01
DOG/USD,319740,326070,11-06-21 07:37:51
DOG/USD,319580,326100,11-06-21 07:37:41
DOG/USD,319710,326210,11-06-21 07:37:30
DOG/USD,319690,326170,11-06-21 07:37:21
DOG/USD,319970,326160,11-06-21 07:37:11
DOG/USD,320380,326100,11-06-21 07:37:01
DOG/USD,319640,326100,11-06-21 07:36:51
DOG/USD,319740,326190,11-06-21 07:36:41
DOG/USD,319720,326220,11-06-21 07:36:31
DOG/USD,319840,326250,11-06-21 07:36:21
DOG/USD,319780,326290,11-06-21 07:36:11
DOG/USD,319880,326440,11-06-21 07:36:01
DOG/USD,320060,326270,11-06-21 07:35:51
DOG/USD,319690,326240,11-06-21 07:35:41
DOG/USD,319690,326230,11-06-21 07:35:31
DOG/USD,320180,326340,11-06-21 07:35:21
DOG/USD,319710,326230,11-06-21 07:35:11
DOG/USD,319750,326290,11-06-21 07:35:01
DOG/USD,319660,326370,11-06-21 07:34:51
DOG/USD,319720,326270,11-06-21 07:34:41
DOG/USD,316920,329310,11-06-21 07:34:31
DOG/USD,316450,329540,11-06-21 07:34:21
DOG/USD,317720,329610,11-06-21 07:34:11
DOG/USD,316450,329250,11-06-21 07:34:01
DOG/USD,315780,329040,11-06-21 07:33:51
DOG/USD,317810,329060,11-06-21 07:33:41
DOG/USD,317790,329080,11-06-21 07:33:31
DOG/USD,317180,328810,11-06-21 07:33:21
DOG/USD,316560,328690,11-06-21 07:33:11
DOG/USD,316240,328740,11-06-21 07:33:01
DOG/USD,315680,328670,11-06-21 07:32:51
DOG/USD,315510,328390,11-06-21 07:32:41
DOG/USD,315460,328410,11-06-21 07:32:31
DOG/USD,318680,328560,11-06-21 07:32:21
DOG/USD,318350,328360,11-06-21 07:32:11
DOG/USD,317960,328630,11-06-21 07:32:01
DOG/USD,317320,328330,11-06-21 07:31:51
DOG/USD,316070,327350,11-06-21 07:31:41
DOG/USD,314870,327350,11-06-21 07:31:31
DOG/USD,316960,327350,11-06-21 07:31:21
DOG/USD,316450,327350,11-06-21 07:31:11
DOG/USD,315620,327350,11-06-21 07:31:01
DOG/USD,314720,327350,11-06-21 07:30:51
DOG/USD,317640,324160,11-06-21 07:30:41
DOG/USD,317670,324140,11-06-21 07:30:31
DOG/USD,317790,324200,11-06-21 07:30:21
DOG/USD,317760,324280,11-06-21 07:30:11
DOG/USD,317910,324240,11-06-21 07:30:01
DOG/USD,317720,324250,11-06-21 07:29:51
DOG/USD,317880,324180,11-06-21 07:29:41
DOG/USD,318060,324220,11-06-21 07:29:31
DOG/USD,317710,324180,11-06-21 07:29:21
DOG/USD,317950,324320,11-06-21 07:29:11
DOG/USD,318060,324260,11-06-21 07:29:01
DOG/USD,317880,324340,11-06-21 07:28:51
DOG/USD,318500,324480,11-06-21 07:28:41
DOG/USD,317920,324500,11-06-21 07:28:31
DOG/USD,318630,324290,11-06-21 07:28:21
DOG/USD,317910,324220,11-06-21 07:28:11
DOG/USD,318020,324230,11-06-21 07:28:01
DOG/USD,317950,324210,11-06-21 07:27:51
DOG/USD,318610,324210,11-06-21 07:27:41
DOG/USD,317960,324300,11-06-21 07:27:30
DOG/USD,318150,324240,11-06-21 07:27:21
DOG/USD,317750,324280,11-06-21 07:27:11
DOG/USD,317920,324340,11-06-21 07:27:01
DOG/USD,317810,324480,11-06-21 07:26:51
DOG/USD,318180,324510,11-06-21 07:26:41
DOG/USD,318230,324380,11-06-21 07:26:31
DOG/USD,317740,324210,11-06-21 07:26:21
DOG/USD,315890,327180,11-06-21 07:26:11
DOG/USD,315060,327180,11-06-21 07:26:01
DOG/USD,314270,327210,11-06-21 07:25:51
DOG/USD,316410,327010,11-06-21 07:25:41
DOG/USD,315760,326930,11-06-21 07:25:31
DOG/USD,314920,326950,11-06-21 07:25:21
DOG/USD,316190,327010,11-06-21 07:25:11
DOG/USD,315930,327000,11-06-21 07:25:01
DOG/USD,314600,326990,11-06-21 07:24:51
DOG/USD,316000,327060,11-06-21 07:24:41
DOG/USD,316350,327050,11-06-21 07:24:31
DOG/USD,315810,327160,11-06-21 07:24:21
DOG/USD,314570,327070,11-06-21 07:24:11
DOG/USD,314130,327070,11-06-21 07:24:01
DOG/USD,314640,327010,11-06-21 07:23:51
DOG/USD,314470,326890,11-06-21 07:23:41
DOG/USD,313950,327230,11-06-21 07:23:31
DOG/USD,314530,327230,11-06-21 07:23:21
DOG/USD,314820,327340,11-06-21 07:23:11
DOG/USD,315200,327570,11-06-21 07:23:01
DOG/USD,316080,327610,11-06-21 07:22:51
DOG/USD,318060,327720,11-06-21 07:22:41
DOG/USD,318000,327700,11-06-21 07:22:31
DOG/USD,317990,327700,11-06-21 07:22:21
DOG/USD,318070,324410,11-06-21 07:22:11
DOG/USD,317920,324400,11-06-21 07:22:01
DOG/USD,318230,324520,11-06-21 07:21:51
DOG/USD,317950,324500,11-06-21 07:21:41
DOG/USD,319450,324780,11-06-21 07:21:31
DOG/USD,319440,339970,11-06-21 07:21:21
DOG/USD,319430,339980,11-06-21 07:21:11
DOG/USD,319430,339970,11-06-21 07:21:01
DOG/USD,319280,339970,11-06-21 07:20:50
DOG/USD,310480,339970,11-06-21 07:20:41
DOG/USD,312020,339980,11-06-21 07:20:30
DOG/USD,318890,325030,11-06-21 07:20:21
DOG/USD,318870,325030,11-06-21 07:20:11
DOG/USD,318850,324880,11-06-21 07:20:01
DOG/USD,318400,324850,11-06-21 07:19:50
DOG/USD,318370,324840,11-06-21 07:19:41
DOG/USD,318520,324840,11-06-21 07:19:31
DOG/USD,318980,324830,11-06-21 07:19:21
DOG/USD,318500,324900,11-06-21 07:19:11
DOG/USD,318710,324980,11-06-21 07:19:01
DOG/USD,318600,325110,11-06-21 07:18:51
DOG/USD,318660,325100,11-06-21 07:18:41
DOG/USD,318630,324980,11-06-21 07:18:31
DOG/USD,318250,324600,11-06-21 07:18:21
DOG/USD,318330,324600,11-06-21 07:18:11
DOG/USD,318590,324580,11-06-21 07:18:01
DOG/USD,318210,324560,11-06-21 07:17:51
DOG/USD,315020,327610,11-06-21 07:17:41
DOG/USD,318140,327610,11-06-21 07:17:31
DOG/USD,317380,327610,11-06-21 07:17:21
DOG/USD,315390,327610,11-06-21 07:17:11
DOG/USD,317230,327610,11-06-21 07:17:01
DOG/USD,317100,327610,11-06-21 07:16:51
DOG/USD,317110,327610,11-06-21 07:16:41
DOG/USD,317210,327610,11-06-21 07:16:31
DOG/USD,316330,327610,11-06-21 07:16:21
DOG/USD,317170,327620,11-06-21 07:16:11
DOG/USD,315110,327510,11-06-21 07:16:01
DOG/USD,317340,327510,11-06-21 07:15:51
DOG/USD,316860,327500,11-06-21 07:15:41
DOG/USD,316940,327330,11-06-21 07:15:31
DOG/USD,315810,327330,11-06-21 07:15:20
DOG/USD,314990,327330,11-06-21 07:15:11
DOG/USD,311590,327450,11-06-21 07:15:01
DOG/USD,316530,327450,11-06-21 07:14:51
DOG/USD,316620,327470,11-06-21 07:14:41
DOG/USD,316170,327400,11-06-21 07:14:31
DOG/USD,315530,327430,11-06-21 07:14:21
DOG/USD,316100,327490,11-06-21 07:14:11
DOG/USD,314840,327500,11-06-21 07:14:01
DOG/USD,317800,324210,11-06-21 07:13:51
DOG/USD,317730,324220,11-06-21 07:13:41
DOG/USD,317710,324360,11-06-21 07:13:31
DOG/USD,318230,324310,11-06-21 07:13:21
DOG/USD,317710,324030,11-06-21 07:13:11
DOG/USD,317490,324040,11-06-21 07:13:01
DOG/USD,317530,323990,11-06-21 07:12:51
DOG/USD,317970,324100,11-06-21 07:12:41
DOG/USD,317810,324260,11-06-21 07:12:31
DOG/USD,317950,324270,11-06-21 07:12:21
DOG/USD,318000,323960,11-06-21 07:12:11
DOG/USD,317630,323960,11-06-21 07:12:01
DOG/USD,317700,323950,11-06-21 07:11:51
DOG/USD,317770,323950,11-06-21 07:11:41
DOG/USD,318090,323960,11-06-21 07:11:31
DOG/USD,317670,323990,11-06-21 07:11:21
DOG/USD,317900,324050,11-06-21 07:11:11
DOG/USD,317860,324080,11-06-21 07:11:01
DOG/USD,317750,324000,11-06-21 07:10:51
DOG/USD,317540,323780,11-06-21 07:10:41
DOG/USD,317610,323780,11-06-21 07:10:30
DOG/USD,317570,323810,11-06-21 07:10:21
DOG/USD,317680,323820,11-06-21 07:10:11
DOG/USD,317300,323790,11-06-21 07:10:01
DOG/USD,317260,323730,11-06-21 07:09:51
DOG/USD,317470,323740,11-06-21 07:09:41
DOG/USD,317150,323830,11-06-21 07:09:31
DOG/USD,317340,323770,11-06-21 07:09:21
DOG/USD,317110,323590,11-06-21 07:09:11
DOG/USD,317180,323420,11-06-21 07:09:01
DOG/USD,317160,323400,11-06-21 07:08:51
DOG/USD,316800,323440,11-06-21 07:08:41
DOG/USD,316940,323370,11-06-21 07:08:31
DOG/USD,317080,323490,11-06-21 07:08:21
DOG/USD,315470,326800,11-06-21 07:08:11
DOG/USD,316490,326840,11-06-21 07:08:01
DOG/USD,316180,326840,11-06-21 07:07:51
DOG/USD,316270,326840,11-06-21 07:07:41
DOG/USD,316130,326840,11-06-21 07:07:31
DOG/USD,316220,326840,11-06-21 07:07:21
DOG/USD,315600,326850,11-06-21 07:07:11
DOG/USD,314890,326820,11-06-21 07:07:01
DOG/USD,316100,326880,11-06-21 07:06:51
DOG/USD,314220,326920,11-06-21 07:06:41
DOG/USD,315310,326920,11-06-21 07:06:31
DOG/USD,314480,327030,11-06-21 07:06:21
DOG/USD,315710,327090,11-06-21 07:06:11
DOG/USD,314260,326980,11-06-21 07:06:01
DOG/USD,315330,326930,11-06-21 07:05:51
DOG/USD,315180,327190,11-06-21 07:05:41
DOG/USD,315890,327190,11-06-21 07:05:31
DOG/USD,315170,327260,11-06-21 07:05:21
DOG/USD,316360,327260,11-06-21 07:05:11
DOG/USD,315810,327260,11-06-21 07:05:01
DOG/USD,314910,327320,11-06-21 07:04:51
DOG/USD,316130,327490,11-06-21 07:04:41
DOG/USD,315500,327490,11-06-21 07:04:31
DOG/USD,318020,324370,11-06-21 07:04:21
DOG/USD,318590,324380,11-06-21 07:04:11
DOG/USD,317840,324380,11-06-21 07:04:01
DOG/USD,318160,324410,11-06-21 07:03:51
DOG/USD,318000,324470,11-06-21 07:03:41
DOG/USD,318200,324520,11-06-21 07:03:31
DOG/USD,318000,324460,11-06-21 07:03:21
DOG/USD,318190,324450,11-06-21 07:03:11
DOG/USD,317930,324380,11-06-21 07:03:01
DOG/USD,318190,324410,11-06-21 07:02:51
DOG/USD,318040,324460,11-06-21 07:02:41
DOG/USD,318450,324470,11-06-21 07:02:31
DOG/USD,318170,324510,11-06-21 07:02:21
DOG/USD,318050,324520,11-06-21 07:02:11
DOG/USD,318050,324490,11-06-21 07:02:01
DOG/USD,317970,324360,11-06-21 07:01:51
DOG/USD,317780,324260,11-06-21 07:01:41
DOG/USD,317830,324250,11-06-21 07:01:31
DOG/USD,317720,324190,11-06-21 07:01:21
DOG/USD,317830,324260,11-06-21 07:01:11
DOG/USD,317910,324300,11-06-21 07:01:01
DOG/USD,317800,324300,11-06-21 07:00:51
DOG/USD,317760,324260,11-06-21 07:00:41
DOG/USD,318030,324440,11-06-21 07:00:30
DOG/USD,317690,324400,11-06-21 07:00:21
DOG/USD,317580,324200,11-06-21 07:00:11
DOG/USD,314950,327050,11-06-21 07:00:01
DOG/USD,315920,327250,11-06-21 06:59:51
DOG/USD,315910,327250,11-06-21 06:59:41
DOG/USD,315840,327110,11-06-21 06:59:31
DOG/USD,315560,327110,11-06-21 06:59:20
DOG/USD,314750,327030,11-06-21 06:59:11
DOG/USD,315160,326940,11-06-21 06:59:01
DOG/USD,314600,326960,11-06-21 06:58:51
DOG/USD,316310,327020,11-06-21 06:58:41
DOG/USD,316300,327090,11-06-21 06:58:31
DOG/USD,315190,327190,11-06-21 06:58:21
DOG/USD,316400,327200,11-06-21 06:58:11
DOG/USD,315990,327200,11-06-21 06:58:01
DOG/USD,315280,327200,11-06-21 06:57:51
DOG/USD,314500,327290,11-06-21 06:57:41
DOG/USD,316520,327320,11-06-21 06:57:31
DOG/USD,316970,327360,11-06-21 06:57:21
DOG/USD,316790,327380,11-06-21 06:57:11
DOG/USD,316910,327380,11-06-21 06:57:00
DOG/USD,316860,327460,11-06-21 06:56:51
DOG/USD,316270,327450,11-06-21 06:56:41
DOG/USD,316300,327400,11-06-21 06:56:31
DOG/USD,315510,327410,11-06-21 06:56:21
DOG/USD,314630,327370,11-06-21 06:56:11
DOG/USD,317750,324160,11-06-21 06:56:01
DOG/USD,317820,324180,11-06-21 06:55:51
DOG/USD,318000,324220,11-06-21 06:55:41
DOG/USD,317540,324120,11-06-21 06:55:31
DOG/USD,317750,324130,11-06-21 06:55:21
DOG/USD,317880,324230,11-06-21 06:55:11
DOG/USD,317790,324320,11-06-21 06:55:01
DOG/USD,317930,324280,11-06-21 06:54:50
DOG/USD,317960,324480,11-06-21 06:54:41
DOG/USD,317920,324510,11-06-21 06:54:31
DOG/USD,317920,324330,11-06-21 06:54:21
DOG/USD,318090,324140,11-06-21 06:54:11
DOG/USD,317690,324140,11-06-21 06:54:01
DOG/USD,317900,324180,11-06-21 06:53:51
DOG/USD,317980,324240,11-06-21 06:53:41
DOG/USD,317710,324210,11-06-21 06:53:31
DOG/USD,317790,324290,11-06-21 06:53:21
DOG/USD,317810,324280,11-06-21 06:53:11
DOG/USD,318140,324370,11-06-21 06:53:01
DOG/USD,318430,324350,11-06-21 06:52:51
DOG/USD,317950,324350,11-06-21 06:52:41
DOG/USD,318110,324370,11-06-21 06:52:31
DOG/USD,317970,324360,11-06-21 06:52:21
DOG/USD,318020,324370,11-06-21 06:52:11
DOG/USD,319530,324380,11-06-21 06:52:01
DOG/USD,319340,324380,11-06-21 06:51:51
DOG/USD,318640,324340,11-06-21 06:51:41
DOG/USD,317920,324310,11-06-21 06:51:31
DOG/USD,317860,324290,11-06-21 06:51:21
DOG/USD,317850,324270,11-06-21 06:51:11
DOG/USD,317900,324360,11-06-21 06:51:01
DOG/USD,317800,324300,11-06-21 06:50:51
DOG/USD,317780,324320,11-06-21 06:50:41
DOG/USD,317740,324240,11-06-21 06:50:31
DOG/USD,317720,324250,11-06-21 06:50:21
DOG/USD,317630,324100,11-06-21 06:50:11
DOG/USD,318030,324220,11-06-21 06:50:01
DOG/USD,317730,324210,11-06-21 06:49:51
DOG/USD,317800,324310,11-06-21 06:49:41
DOG/USD,318050,324350,11-06-21 06:49:31
DOG/USD,318510,324280,11-06-21 06:49:21
DOG/USD,317730,324110,11-06-21 06:49:11
DOG/USD,317680,324070,11-06-21 06:49:01
DOG/USD,317920,324060,11-06-21 06:48:51
DOG/USD,317620,324090,11-06-21 06:48:41
DOG/USD,317610,324110,11-06-21 06:48:31
DOG/USD,317740,324160,11-06-21 06:48:21
DOG/USD,317770,324240,11-06-21 06:48:11
DOG/USD,317820,324260,11-06-21 06:48:01
DOG/USD,317970,324330,11-06-21 06:47:51
DOG/USD,317990,324410,11-06-21 06:47:41
DOG/USD,317950,324370,11-06-21 06:47:31
DOG/USD,318210,324230,11-06-21 06:47:21
DOG/USD,317710,324260,11-06-21 06:47:11
DOG/USD,317730,324350,11-06-21 06:47:01
DOG/USD,317770,324400,11-06-21 06:46:51
DOG/USD,318100,324510,11-06-21 06:46:41
DOG/USD,317700,324310,11-06-21 06:46:31
DOG/USD,318260,324270,11-06-21 06:46:20
DOG/USD,318530,324390,11-06-21 06:46:11
DOG/USD,318210,324400,11-06-21 06:46:01
DOG/USD,317980,324440,11-06-21 06:45:51
DOG/USD,317920,324490,11-06-21 06:45:41
DOG/USD,317930,324570,11-06-21 06:45:31
DOG/USD,317880,324560,11-06-21 06:45:21
DOG/USD,317790,324210,11-06-21 06:45:11
DOG/USD,317810,324110,11-06-21 06:45:01
DOG/USD,317560,324030,11-06-21 06:44:51
DOG/USD,317490,323810,11-06-21 06:44:41
DOG/USD,317330,323840,11-06-21 06:44:31
DOG/USD,317720,323870,11-06-21 06:44:21
DOG/USD,317530,323890,11-06-21 06:44:11
DOG/USD,317510,324020,11-06-21 06:44:01
DOG/USD,317550,324090,11-06-21 06:43:51
DOG/USD,317730,324170,11-06-21 06:43:41
DOG/USD,318170,324250,11-06-21 06:43:31
DOG/USD,317880,324250,11-06-21 06:43:21
DOG/USD,318030,324290,11-06-21 06:43:11
DOG/USD,318250,324270,11-06-21 06:43:01
DOG/USD,317850,324320,11-06-21 06:42:51
DOG/USD,318020,324460,11-06-21 06:42:41
DOG/USD,317890,324400,11-06-21 06:42:31
DOG/USD,318030,324600,11-06-21 06:42:21
DOG/USD,318110,324680,11-06-21 06:42:11
DOG/USD,318040,324720,11-06-21 06:42:01
DOG/USD,318150,324550,11-06-21 06:41:51
DOG/USD,317870,324360,11-06-21 06:41:41
DOG/USD,317890,324320,11-06-21 06:41:31
DOG/USD,317820,324260,11-06-21 06:41:20
DOG/USD,318100,324330,11-06-21 06:41:11
DOG/USD,317950,324340,11-06-21 06:41:01
DOG/USD,318970,324440,11-06-21 06:40:51
DOG/USD,318200,324510,11-06-21 06:40:41
DOG/USD,318170,324530,11-06-21 06:40:31
DOG/USD,318140,324680,11-06-21 06:40:21
DOG/USD,317770,324480,11-06-21 06:40:11
DOG/USD,318210,324420,11-06-21 06:40:01
DOG/USD,318050,324460,11-06-21 06:39:51
DOG/USD,318470,324490,11-06-21 06:39:41
DOG/USD,318440,324450,11-06-21 06:39:31
DOG/USD,318050,324610,11-06-21 06:39:21
DOG/USD,318100,324620,11-06-21 06:39:11
DOG/USD,318240,324690,11-06-21 06:39:01
DOG/USD,318240,324690,11-06-21 06:38:51
DOG/USD,318240,324710,11-06-21 06:38:40
DOG/USD,318170,324780,11-06-21 06:38:30
DOG/USD,318160,324780,11-06-21 06:38:20
DOG/USD,318220,324750,11-06-21 06:38:11
DOG/USD,318080,324570,11-06-21 06:38:00
DOG/USD,318060,324600,11-06-21 06:37:50
DOG/USD,318010,324580,11-06-21 06:37:41
DOG/USD,318090,324580,11-06-21 06:37:31
DOG/USD,318230,324710,11-06-21 06:37:21
DOG/USD,318220,324720,11-06-21 06:37:11
DOG/USD,318250,324760,11-06-21 06:37:00
DOG/USD,318250,324750,11-06-21 06:36:51
DOG/USD,318270,324830,11-06-21 06:36:40
DOG/USD,318220,324810,11-06-21 06:36:31
DOG/USD,318140,324830,11-06-21 06:36:21
DOG/USD,318250,324680,11-06-21 06:36:11
DOG/USD,318260,324660,11-06-21 06:36:01
DOG/USD,318960,324820,11-06-21 06:35:51
DOG/USD,318490,324840,11-06-21 06:35:40
DOG/USD,318740,324860,11-06-21 06:35:31
DOG/USD,318630,324900,11-06-21 06:35:20
DOG/USD,318650,324850,11-06-21 06:35:11
DOG/USD,318560,324800,11-06-21 06:35:01
DOG/USD,318500,324650,11-06-21 06:34:51
DOG/USD,318410,324640,11-06-21 06:34:41
DOG/USD,318050,324620,11-06-21 06:34:31
DOG/USD,318390,324700,11-06-21 06:34:21
DOG/USD,318340,324750,11-06-21 06:34:11
DOG/USD,318470,324810,11-06-21 06:34:01
DOG/USD,318640,324810,11-06-21 06:33:50
DOG/USD,318610,324800,11-06-21 06:33:41
DOG/USD,318520,324790,11-06-21 06:33:31
DOG/USD,318530,324790,11-06-21 06:33:21
DOG/USD,318400,324780,11-06-21 06:33:11
DOG/USD,319360,324830,11-06-21 06:33:01
DOG/USD,318630,324820,11-06-21 06:32:51
DOG/USD,318540,324790,11-06-21 06:32:41
DOG/USD,318500,324780,11-06-21 06:32:31
DOG/USD,318480,324800,11-06-21 06:32:21
DOG/USD,318720,324780,11-06-21 06:32:11
DOG/USD,318340,324800,11-06-21 06:32:01
DOG/USD,318730,324680,11-06-21 06:31:51
DOG/USD,318650,324670,11-06-21 06:31:41
DOG/USD,318310,324700,11-06-21 06:31:31
DOG/USD,318930,324690,11-06-21 06:31:20
DOG/USD,318380,324720,11-06-21 06:31:11
DOG/USD,318710,324800,11-06-21 06:31:01
DOG/USD,318210,324780,11-06-21 06:30:50
DOG/USD,318270,324470,11-06-21 06:30:41
DOG/USD,318300,324430,11-06-21 06:30:31
DOG/USD,318210,324310,11-06-21 06:30:21
DOG/USD,317790,324270,11-06-21 06:30:11
DOG/USD,318000,324240,11-06-21 06:30:01
DOG/USD,317970,324330,11-06-21 06:29:51
DOG/USD,318650,324450,11-06-21 06:29:41
DOG/USD,317890,324450,11-06-21 06:29:31
DOG/USD,317910,324450,11-06-21 06:29:20
DOG/USD,318120,324550,11-06-21 06:29:11
DOG/USD,318960,324620,11-06-21 06:29:01
DOG/USD,318280,324440,11-06-21 06:28:51
DOG/USD,318730,324490,11-06-21 06:28:41
DOG/USD,317960,324460,11-06-21 06:28:30
DOG/USD,317970,324520,11-06-21 06:28:20
DOG/USD,318080,324490,11-06-21 06:28:11
DOG/USD,318290,324490,11-06-21 06:28:01
DOG/USD,318000,324510,11-06-21 06:27:51
DOG/USD,318280,324590,11-06-21 06:27:41
DOG/USD,318670,324610,11-06-21 06:27:31
DOG/USD,318480,324630,11-06-21 06:27:21
DOG/USD,318280,324680,11-06-21 06:27:11
DOG/USD,318920,324700,11-06-21 06:27:01
DOG/USD,318630,324720,11-06-21 06:26:51
DOG/USD,318630,324740,11-06-21 06:26:41
DOG/USD,318190,324690,11-06-21 06:26:31
DOG/USD,318520,324760,11-06-21 06:26:20
DOG/USD,319120,324810,11-06-21 06:26:11
DOG/USD,318440,324810,11-06-21 06:26:01
DOG/USD,318350,324760,11-06-21 06:25:50
DOG/USD,318200,324750,11-06-21 06:25:41
DOG/USD,318390,324810,11-06-21 06:25:31
DOG/USD,318260,324850,11-06-21 06:25:21
DOG/USD,318220,324640,11-06-21 06:25:11
DOG/USD,318160,324460,11-06-21 06:25:01
DOG/USD,318030,324520,11-06-21 06:24:51
DOG/USD,318030,324520,11-06-21 06:24:40
DOG/USD,318250,324710,11-06-21 06:24:31
DOG/USD,318180,324710,11-06-21 06:24:21
DOG/USD,318560,324470,11-06-21 06:24:11
DOG/USD,318130,324510,11-06-21 06:24:01
DOG/USD,318780,324550,11-06-21 06:23:51
DOG/USD,318210,324520,11-06-21 06:23:41
DOG/USD,318120,324480,11-06-21 06:23:31
DOG/USD,317890,324440,11-06-21 06:23:21
DOG/USD,318670,324360,11-06-21 06:23:11
DOG/USD,318200,324570,11-06-21 06:23:01
DOG/USD,318180,324660,11-06-21 06:22:51
DOG/USD,318130,324700,11-06-21 06:22:41
DOG/USD,318920,324750,11-06-21 06:22:31
DOG/USD,318270,324830,11-06-21 06:22:21
DOG/USD,318230,324670,11-06-21 06:22:11
DOG/USD,318200,324680,11-06-21 06:22:01
DOG/USD,318360,324810,11-06-21 06:21:51
DOG/USD,319100,324840,11-06-21 06:21:41
DOG/USD,318700,324900,11-06-21 06:21:31
DOG/USD,318600,324980,11-06-21 06:21:21
DOG/USD,318480,324980,11-06-21 06:21:11
DOG/USD,318850,324890,11-06-21 06:21:01
DOG/USD,318660,325010,11-06-21 06:20:51
DOG/USD,318450,325030,11-06-21 06:20:41
DOG/USD,318260,324990,11-06-21 06:20:31
DOG/USD,319270,324980,11-06-21 06:20:21
DOG/USD,318540,325100,11-06-21 06:20:11
DOG/USD,319040,325270,11-06-21 06:20:01
DOG/USD,319070,325290,11-06-21 06:19:50
DOG/USD,319200,325310,11-06-21 06:19:41
DOG/USD,318740,325230,11-06-21 06:19:31
DOG/USD,319180,325330,11-06-21 06:19:21
DOG/USD,318800,325270,11-06-21 06:19:11
DOG/USD,318830,325220,11-06-21 06:19:01
DOG/USD,318990,325270,11-06-21 06:18:51
DOG/USD,318720,325240,11-06-21 06:18:40
DOG/USD,318770,325190,11-06-21 06:18:31
DOG/USD,318800,325180,11-06-21 06:18:21
DOG/USD,318740,325200,11-06-21 06:18:11
DOG/USD,318700,325180,11-06-21 06:18:01
DOG/USD,319070,325330,11-06-21 06:17:51
DOG/USD,318670,325200,11-06-21 06:17:41
DOG/USD,318580,325190,11-06-21 06:17:31
DOG/USD,318540,325030,11-06-21 06:17:21
DOG/USD,318570,324890,11-06-21 06:17:11
DOG/USD,318530,324940,11-06-21 06:17:01
DOG/USD,318780,324970,11-06-21 06:16:51
DOG/USD,318470,325080,11-06-21 06:16:41
DOG/USD,319230,325090,11-06-21 06:16:31
DOG/USD,318490,325210,11-06-21 06:16:21
DOG/USD,318670,325430,11-06-21 06:16:11
DOG/USD,318870,325500,11-06-21 06:16:01
DOG/USD,319550,325580,11-06-21 06:15:51
DOG/USD,319470,325690,11-06-21 06:15:41
DOG/USD,319570,325760,11-06-21 06:15:30
DOG/USD,319560,325690,11-06-21 06:15:21
DOG/USD,319700,325640,11-06-21 06:15:11
DOG/USD,319810,325550,11-06-21 06:15:01
DOG/USD,319080,325550,11-06-21 06:14:51
DOG/USD,319010,325450,11-06-21 06:14:40
DOG/USD,319130,325470,11-06-21 06:14:30
DOG/USD,319080,325450,11-06-21 06:14:21
DOG/USD,319050,325450,11-06-21 06:14:11
DOG/USD,319020,325470,11-06-21 06:14:01
DOG/USD,319060,325460,11-06-21 06:13:51
DOG/USD,319270,325480,11-06-21 06:13:41
DOG/USD,319020,325480,11-06-21 06:13:31
DOG/USD,319030,325580,11-06-21 06:13:21
DOG/USD,319170,325450,11-06-21 06:13:10
DOG/USD,319150,325490,11-06-21 06:13:01
DOG/USD,319150,325520,11-06-21 06:12:51
DOG/USD,319340,325480,11-06-21 06:12:41
DOG/USD,318920,325370,11-06-21 06:12:31
DOG/USD,318960,325430,11-06-21 06:12:21
DOG/USD,319180,325440,11-06-21 06:12:11
DOG/USD,319000,325440,11-06-21 06:12:01
DOG/USD,318980,325500,11-06-21 06:11:51
DOG/USD,319080,325470,11-06-21 06:11:41
DOG/USD,319340,325420,11-06-21 06:11:31
DOG/USD,318770,325290,11-06-21 06:11:20
DOG/USD,318850,325290,11-06-21 06:11:11
DOG/USD,319140,325260,11-06-21 06:11:01
DOG/USD,319260,325280,11-06-21 06:10:51
DOG/USD,318910,325420,11-06-21 06:10:41
DOG/USD,319290,325470,11-06-21 06:10:30
DOG/USD,318890,325500,11-06-21 06:10:21
DOG/USD,318900,325190,11-06-21 06:10:11
DOG/USD,318410,325070,11-06-21 06:10:01
DOG/USD,318670,324990,11-06-21 06:09:51
DOG/USD,318720,325160,11-06-21 06:09:41
DOG/USD,318700,325290,11-06-21 06:09:31
DOG/USD,318680,325350,11-06-21 06:09:21
DOG/USD,318640,325260,11-06-21 06:09:11
DOG/USD,318640,325060,11-06-21 06:09:01
DOG/USD,318490,324950,11-06-21 06:08:51
DOG/USD,318600,324950,11-06-21 06:08:41
DOG/USD,318620,324950,11-06-21 06:08:31
DOG/USD,318600,325000,11-06-21 06:08:21
DOG/USD,318660,325080,11-06-21 06:08:11
DOG/USD,318770,325090,11-06-21 06:08:01
DOG/USD,318660,325060,11-06-21 06:07:51
DOG/USD,318340,324870,11-06-21 06:07:41
DOG/USD,318290,324880,11-06-21 06:07:31
DOG/USD,318460,325000,11-06-21 06:07:21
DOG/USD,318500,325070,11-06-21 06:07:11
DOG/USD,318480,325240,11-06-21 06:07:01
DOG/USD,318460,325240,11-06-21 06:06:51
DOG/USD,318560,325110,11-06-21 06:06:41
DOG/USD,318230,324900,11-06-21 06:06:31
DOG/USD,318190,324860,11-06-21 06:06:21
DOG/USD,318130,324740,11-06-21 06:06:11
DOG/USD,318280,324630,11-06-21 06:06:01
DOG/USD,318400,324690,11-06-21 06:05:51
DOG/USD,318220,324770,11-06-21 06:05:40
DOG/USD,318760,324760,11-06-21 06:05:31
DOG/USD,318440,324840,11-06-21 06:05:21
DOG/USD,318400,324900,11-06-21 06:05:11
DOG/USD,318400,324970,11-06-21 06:05:01
DOG/USD,318390,324980,11-06-21 06:04:51
DOG/USD,318340,324920,11-06-21 06:04:41
DOG/USD,318310,324780,11-06-21 06:04:31
DOG/USD,318370,324880,11-06-21 06:04:21
DOG/USD,318340,324930,11-06-21 06:04:11
DOG/USD,318310,324900,11-06-21 06:04:01
DOG/USD,318330,324900,11-06-21 06:03:51
DOG/USD,318220,324910,11-06-21 06:03:41
DOG/USD,318340,325020,11-06-21 06:03:31
DOG/USD,318440,324940,11-06-21 06:03:21
DOG/USD,318220,324820,11-06-21 06:03:11
DOG/USD,318440,324890,11-06-21 06:03:01
DOG/USD,318340,324940,11-06-21 06:02:51
DOG/USD,318150,324760,11-06-21 06:02:41
DOG/USD,317670,324610,11-06-21 06:02:31
DOG/USD,317930,324740,11-06-21 06:02:21
DOG/USD,318270,325070,11-06-21 06:02:11
DOG/USD,318230,325220,11-06-21 06:02:01
DOG/USD,319710,325230,11-06-21 06:01:51
DOG/USD,319680,325700,11-06-21 06:01:41
DOG/USD,319140,325770,11-06-21 06:01:31
DOG/USD,319450,325840,11-06-21 06:01:21
DOG/USD,319860,326000,11-06-21 06:01:10
DOG/USD,318020,329030,11-06-21 06:01:01
DOG/USD,317140,329030,11-06-21 06:00:51
DOG/USD,318900,329030,11-06-21 06:00:41
DOG/USD,318880,329030,11-06-21 06:00:30
DOG/USD,318680,329030,11-06-21 06:00:21
DOG/USD,317960,329030,11-06-21 06:00:11
DOG/USD,317170,329130,11-06-21 06:00:01
DOG/USD,318730,328920,11-06-21 05:59:51
DOG/USD,318190,329310,11-06-21 05:59:41
DOG/USD,317340,329310,11-06-21 05:59:31
DOG/USD,319470,329310,11-06-21 05:59:21
DOG/USD,318860,329310,11-06-21 05:59:11
DOG/USD,316490,329320,11-06-21 05:59:01
DOG/USD,318440,329320,11-06-21 05:58:51
DOG/USD,317650,329560,11-06-21 05:58:41
DOG/USD,319880,329520,11-06-21 05:58:31
DOG/USD,319300,329520,11-06-21 05:58:21
DOG/USD,318610,329540,11-06-21 05:58:11
DOG/USD,317780,329570,11-06-21 05:58:01
DOG/USD,316990,329650,11-06-21 05:57:51
DOG/USD,317140,329940,11-06-21 05:57:41
DOG/USD,318860,329530,11-06-21 05:57:31
DOG/USD,318360,329630,11-06-21 05:57:21
DOG/USD,317580,329690,11-06-21 05:57:11
DOG/USD,320120,329790,11-06-21 05:57:01
DOG/USD,320250,326620,11-06-21 05:56:51
DOG/USD,320820,326630,11-06-21 05:56:41
DOG/USD,320130,326700,11-06-21 05:56:31
DOG/USD,320140,326690,11-06-21 05:56:21
DOG/USD,320260,326730,11-06-21 05:56:11
DOG/USD,320690,326850,11-06-21 05:56:01
DOG/USD,320780,326820,11-06-21 05:55:50
DOG/USD,320670,326830,11-06-21 05:55:41
DOG/USD,320290,326730,11-06-21 05:55:31
DOG/USD,320220,326710,11-06-21 05:55:20
DOG/USD,320180,326760,11-06-21 05:55:11
DOG/USD,320460,326690,11-06-21 05:55:00
DOG/USD,320510,326610,11-06-21 05:54:50
DOG/USD,320550,326590,11-06-21 05:54:41
DOG/USD,320610,326650,11-06-21 05:54:31
DOG/USD,320530,326650,11-06-21 05:54:21
DOG/USD,320640,326650,11-06-21 05:54:11
DOG/USD,320370,326710,11-06-21 05:54:01
DOG/USD,320570,326780,11-06-21 05:53:51
DOG/USD,320250,326720,11-06-21 05:53:41
DOG/USD,320580,326700,11-06-21 05:53:31
DOG/USD,320330,326660,11-06-21 05:53:21
DOG/USD,320300,326670,11-06-21 05:53:11
DOG/USD,320410,326800,11-06-21 05:53:01
DOG/USD,320350,326800,11-06-21 05:52:51
DOG/USD,320420,326790,11-06-21 05:52:41
DOG/USD,320260,326820,11-06-21 05:52:31
DOG/USD,320930,326980,11-06-21 05:52:21
DOG/USD,320610,327030,11-06-21 05:52:11
DOG/USD,320720,327080,11-06-21 05:52:01
DOG/USD,320570,327080,11-06-21 05:51:51
DOG/USD,321180,327120,11-06-21 05:51:41
DOG/USD,320720,327130,11-06-21 05:51:31
DOG/USD,320620,327060,11-06-21 05:51:21
DOG/USD,320510,327020,11-06-21 05:51:11
DOG/USD,319460,330210,11-06-21 05:51:01
DOG/USD,318510,330310,11-06-21 05:50:51
DOG/USD,317690,330310,11-06-21 05:50:41
DOG/USD,320030,330460,11-06-21 05:50:31
DOG/USD,319830,330550,11-06-21 05:50:21
DOG/USD,318600,330830,11-06-21 05:50:11
DOG/USD,321700,330830,11-06-21 05:50:01
DOG/USD,318750,330830,11-06-21 05:49:51
DOG/USD,318070,330830,11-06-21 05:49:41
DOG/USD,321160,330830,11-06-21 05:49:31
DOG/USD,320400,330830,11-06-21 05:49:21
DOG/USD,319570,330830,11-06-21 05:49:11
DOG/USD,318800,330830,11-06-21 05:49:01
DOG/USD,321000,330210,11-06-21 05:48:51
DOG/USD,319810,330210,11-06-21 05:48:41
DOG/USD,318830,330210,11-06-21 05:48:30
DOG/USD,318040,330210,11-06-21 05:48:21
DOG/USD,321330,330210,11-06-21 05:48:11
DOG/USD,321250,330390,11-06-21 05:48:01
DOG/USD,320640,330550,11-06-21 05:47:51
DOG/USD,320200,330610,11-06-21 05:47:41
DOG/USD,319210,330670,11-06-21 05:47:30
DOG/USD,318320,330730,11-06-21 05:47:21
DOG/USD,321270,327540,11-06-21 05:47:11
DOG/USD,321390,327580,11-06-21 05:47:01
DOG/USD,321340,327580,11-06-21 05:46:51
DOG/USD,321220,327640,11-06-21 05:46:41
DOG/USD,321520,327600,11-06-21 05:46:30
DOG/USD,321200,327590,11-06-21 05:46:21
DOG/USD,321540,327560,11-06-21 05:46:11
DOG/USD,321180,327650,11-06-21 05:46:01
DOG/USD,321260,327650,11-06-21 05:45:51
DOG/USD,321230,327650,11-06-21 05:45:41
DOG/USD,321380,327660,11-06-21 05:45:31
DOG/USD,321260,327560,11-06-21 05:45:21
DOG/USD,321470,327530,11-06-21 05:45:11
DOG/USD,320990,327530,11-06-21 05:45:01
DOG/USD,321500,327600,11-06-21 05:44:51
DOG/USD,320940,327560,11-06-21 05:44:41
DOG/USD,321530,327660,11-06-21 05:44:31
DOG/USD,321270,327660,11-06-21 05:44:21
DOG/USD,322230,327690,11-06-21 05:44:11
DOG/USD,322100,327660,11-06-21 05:44:01
DOG/USD,321420,327630,11-06-21 05:43:51
DOG/USD,321300,327580,11-06-21 05:43:41
DOG/USD,321110,327570,11-06-21 05:43:30
DOG/USD,321210,327640,11-06-21 05:43:21
DOG/USD,321140,327640,11-06-21 05:43:11
DOG/USD,321290,327630,11-06-21 05:43:01
DOG/USD,321250,327570,11-06-21 05:42:51
DOG/USD,321250,327630,11-06-21 05:42:41
DOG/USD,321160,327590,11-06-21 05:42:31
DOG/USD,321140,327550,11-06-21 05:42:21
DOG/USD,322000,327510,11-06-21 05:42:11
DOG/USD,321330,327400,11-06-21 05:42:01
DOG/USD,320990,327380,11-06-21 05:41:51
DOG/USD,320910,327400,11-06-21 05:41:40
DOG/USD,321190,327430,11-06-21 05:41:31
DOG/USD,320270,330270,11-06-21 05:41:21
DOG/USD,320140,330320,11-06-21 05:41:11
DOG/USD,319690,330320,11-06-21 05:41:01
DOG/USD,318870,330620,11-06-21 05:40:51
DOG/USD,317970,330300,11-06-21 05:40:41
DOG/USD,320250,330300,11-06-21 05:40:31
DOG/USD,319940,330300,11-06-21 05:40:20
DOG/USD,319240,330300,11-06-21 05:40:11
DOG/USD,318260,330310,11-06-21 05:40:01
DOG/USD,320500,330480,11-06-21 05:39:51
DOG/USD,319690,330290,11-06-21 05:39:40
DOG/USD,318840,330330,11-06-21 05:39:30
DOG/USD,317800,330330,11-06-21 05:39:20
DOG/USD,320050,330330,11-06-21 05:39:11
DOG/USD,319410,330330,11-06-21 05:39:01
DOG/USD,318560,330330,11-06-21 05:38:51
DOG/USD,319940,330330,11-06-21 05:38:41
DOG/USD,319720,330330,11-06-21 05:38:31
DOG/USD,319360,330330,11-06-21 05:38:21
DOG/USD,318350,330330,11-06-21 05:38:11
DOG/USD,319880,329910,11-06-21 05:38:01
DOG/USD,319540,329970,11-06-21 05:37:51
DOG/USD,318850,330140,11-06-21 05:37:41
DOG/USD,317860,330320,11-06-21 05:37:31
DOG/USD,321050,327240,11-06-21 05:37:21
DOG/USD,320800,327240,11-06-21 05:37:11
DOG/USD,320840,327300,11-06-21 05:37:01
DOG/USD,320760,327180,11-06-21 05:36:51
DOG/USD,320700,327230,11-06-21 05:36:41
DOG/USD,320900,327170,11-06-21 05:36:31
DOG/USD,320960,327170,11-06-21 05:36:21
DOG/USD,320850,327120,11-06-21 05:36:11
DOG/USD,321020,327070,11-06-21 05:36:01
DOG/USD,320400,326920,11-06-21 05:35:51
DOG/USD,320300,327010,11-06-21 05:35:41
DOG/USD,320210,326880,11-06-21 05:35:31
DOG/USD,320280,326930,11-06-21 05:35:21
DOG/USD,320570,327080,11-06-21 05:35:11
DOG/USD,320350,326920,11-06-21 05:35:01
DOG/USD,320320,327000,11-06-21 05:34:51
DOG/USD,320220,326940,11-06-21 05:34:41
DOG/USD,320390,327040,11-06-21 05:34:31
DOG/USD,321690,327140,11-06-21 05:34:21
DOG/USD,320750,327200,11-06-21 05:34:10
DOG/USD,320760,327230,11-06-21 05:34:01
DOG/USD,321420,327300,11-06-21 05:33:51
DOG/USD,320470,327190,11-06-21 05:33:41
DOG/USD,320580,327150,11-06-21 05:33:31
DOG/USD,320550,327120,11-06-21 05:33:21
DOG/USD,320800,330490,11-06-21 05:33:11
DOG/USD,320980,327290,11-06-21 05:33:01
DOG/USD,321070,327350,11-06-21 05:32:51
DOG/USD,320860,327300,11-06-21 05:32:41
DOG/USD,321450,327410,11-06-21 05:32:31
DOG/USD,320840,327410,11-06-21 05:32:21
DOG/USD,321170,327550,11-06-21 05:32:11
DOG/USD,321230,327680,11-06-21 05:32:01
DOG/USD,321640,327730,11-06-21 05:31:51
DOG/USD,321620,327830,11-06-21 05:31:41
DOG/USD,321270,327810,11-06-21 05:31:31
DOG/USD,319190,330610,11-06-21 05:31:21
DOG/USD,318300,330610,11-06-21 05:31:11
DOG/USD,319990,330610,11-06-21 05:31:01
DOG/USD,319760,330610,11-06-21 05:30:51
DOG/USD,318890,330610,11-06-21 05:30:41
DOG/USD,320380,330610,11-06-21 05:30:31
DOG/USD,319740,330820,11-06-21 05:30:21
DOG/USD,319270,330820,11-06-21 05:30:11
DOG/USD,318360,330820,11-06-21 05:30:01
DOG/USD,320250,330820,11-06-21 05:29:51
DOG/USD,318100,330820,11-06-21 05:29:40
DOG/USD,320160,330830,11-06-21 05:29:31
DOG/USD,318130,330880,11-06-21 05:29:20
DOG/USD,320330,330980,11-06-21 05:29:11
DOG/USD,320390,330980,11-06-21 05:29:01
DOG/USD,320080,331010,11-06-21 05:28:50
DOG/USD,318440,331010,11-06-21 05:28:41
DOG/USD,320230,331010,11-06-21 05:28:31
DOG/USD,320550,331010,11-06-21 05:28:21
DOG/USD,320150,331030,11-06-21 05:28:11
DOG/USD,320460,330840,11-06-21 05:28:01
DOG/USD,319820,330840,11-06-21 05:27:51
DOG/USD,318990,331000,11-06-21 05:27:41
DOG/USD,321910,331000,11-06-21 05:27:31
DOG/USD,321330,327780,11-06-21 05:27:21
DOG/USD,321230,327720,11-06-21 05:27:11
DOG/USD,321470,327850,11-06-21 05:27:01
DOG/USD,321360,327860,11-06-21 05:26:51
DOG/USD,321580,327830,11-06-21 05:26:41
DOG/USD,321390,327930,11-06-21 05:26:31
DOG/USD,321280,327830,11-06-21 05:26:21
DOG/USD,321250,327740,11-06-21 05:26:10
DOG/USD,321310,327740,11-06-21 05:26:01
DOG/USD,321520,327820,11-06-21 05:25:51
DOG/USD,321300,327750,11-06-21 05:25:41
DOG/USD,321370,327810,11-06-21 05:25:30
DOG/USD,321490,327860,11-06-21 05:25:21
DOG/USD,321640,327880,11-06-21 05:25:11
DOG/USD,321370,327730,11-06-21 05:25:01
DOG/USD,321290,327850,11-06-21 05:24:51
DOG/USD,321270,327890,11-06-21 05:24:41
DOG/USD,321220,327880,11-06-21 05:24:31
DOG/USD,321210,327860,11-06-21 05:24:20
DOG/USD,321140,327750,11-06-21 05:24:11
DOG/USD,321120,327730,11-06-21 05:24:01
DOG/USD,321030,327650,11-06-21 05:23:51
DOG/USD,321050,327650,11-06-21 05:23:41
DOG/USD,321110,327790,11-06-21 05:23:31
DOG/USD,321030,327690,11-06-21 05:23:21
DOG/USD,320960,327600,11-06-21 05:23:11
DOG/USD,320790,327560,11-06-21 05:23:01
DOG/USD,320870,327640,11-06-21 05:22:51
DOG/USD,320860,327610,11-06-21 05:22:41
DOG/USD,321190,327840,11-06-21 05:22:31
DOG/USD,321180,327810,11-06-21 05:22:21
DOG/USD,321830,327800,11-06-21 05:22:11
DOG/USD,321180,327760,11-06-21 05:22:01
DOG/USD,321540,327840,11-06-21 05:21:51
DOG/USD,321460,327750,11-06-21 05:21:41
DOG/USD,321980,328000,11-06-21 05:21:31
DOG/USD,321760,328080,11-06-21 05:21:21
DOG/USD,322090,328080,11-06-21 05:21:11
DOG/USD,322080,328190,11-06-21 05:21:01
DOG/USD,322130,328210,11-06-21 05:20:51
DOG/USD,322920,328120,11-06-21 05:20:41
DOG/USD,322180,328040,11-06-21 05:20:31
DOG/USD,321440,328090,11-06-21 05:20:21
DOG/USD,322700,328160,11-06-21 05:20:11
DOG/USD,321990,328240,11-06-21 05:20:01
DOG/USD,321680,328330,11-06-21 05:19:51
DOG/USD,322300,328390,11-06-21 05:19:41
DOG/USD,321970,328540,11-06-21 05:19:31
DOG/USD,322330,328270,11-06-21 05:19:21
DOG/USD,321620,328290,11-06-21 05:19:11
DOG/USD,321980,328310,11-06-21 05:19:01
DOG/USD,322200,328310,11-06-21 05:18:51
DOG/USD,324390,328560,11-06-21 05:18:41
DOG/USD,324390,328630,11-06-21 05:18:31
DOG/USD,324390,328680,11-06-21 05:18:21
DOG/USD,324390,328740,11-06-21 05:18:11
DOG/USD,324390,328730,11-06-21 05:18:00
DOG/USD,324390,328780,11-06-21 05:17:51
DOG/USD,324390,328800,11-06-21 05:17:41
DOG/USD,324390,328880,11-06-21 05:17:31
DOG/USD,324390,328990,11-06-21 05:17:21
DOG/USD,324390,329040,11-06-21 05:17:11
DOG/USD,324390,329200,11-06-21 05:17:01
DOG/USD,324390,329080,11-06-21 05:16:51
DOG/USD,324390,329040,11-06-21 05:16:41
DOG/USD,324390,328710,11-06-21 05:16:31
DOG/USD,324390,328560,11-06-21 05:16:21
DOG/USD,324390,328470,11-06-21 05:16:11
DOG/USD,324390,328420,11-06-21 05:16:01
DOG/USD,324390,328430,11-06-21 05:15:51
DOG/USD,324390,328460,11-06-21 05:15:41
DOG/USD,324390,328480,11-06-21 05:15:30
DOG/USD,324390,328530,11-06-21 05:15:21
DOG/USD,324390,328600,11-06-21 05:15:11
DOG/USD,324390,328650,11-06-21 05:15:01
DOG/USD,324390,328670,11-06-21 05:14:51
DOG/USD,324390,328740,11-06-21 05:14:41
DOG/USD,324390,328760,11-06-21 05:14:31
DOG/USD,324390,328700,11-06-21 05:14:21
DOG/USD,324390,328700,11-06-21 05:14:11
DOG/USD,324390,328780,11-06-21 05:14:01
DOG/USD,324390,328770,11-06-21 05:13:51
DOG/USD,324390,328890,11-06-21 05:13:41
DOG/USD,324390,328960,11-06-21 05:13:31
DOG/USD,324390,328900,11-06-21 05:13:21
DOG/USD,324390,332290,11-06-21 05:13:11
DOG/USD,324390,332250,11-06-21 05:13:00
DOG/USD,324390,332250,11-06-21 05:12:51
DOG/USD,324390,332250,11-06-21 05:12:41
DOG/USD,324390,332320,11-06-21 05:12:31
DOG/USD,324390,332380,11-06-21 05:12:21
DOG/USD,324390,332440,11-06-21 05:12:11
DOG/USD,324390,332440,11-06-21 05:12:01
DOG/USD,324390,332270,11-06-21 05:11:51
DOG/USD,324390,332310,11-06-21 05:11:41
DOG/USD,324390,332350,11-06-21 05:11:31
DOG/USD,324390,332390,11-06-21 05:11:21
DOG/USD,324390,332310,11-06-21 05:11:11
DOG/USD,324390,332400,11-06-21 05:11:01
DOG/USD,324390,332400,11-06-21 05:10:51
DOG/USD,324390,332460,11-06-21 05:10:41
DOG/USD,324390,332460,11-06-21 05:10:31
DOG/USD,324390,332450,11-06-21 05:10:21
DOG/USD,324390,332590,11-06-21 05:10:11
DOG/USD,324390,332610,11-06-21 05:10:01
DOG/USD,324390,332640,11-06-21 05:09:51
DOG/USD,324390,332750,11-06-21 05:09:41
DOG/USD,324390,332760,11-06-21 05:09:31
DOG/USD,324190,332740,11-06-21 05:09:20
DOG/USD,323560,329490,11-06-21 05:09:11
DOG/USD,322880,329350,11-06-21 05:09:01
DOG/USD,322760,329350,11-06-21 05:08:51
DOG/USD,322650,329230,11-06-21 05:08:41
DOG/USD,323260,329260,11-06-21 05:08:31
DOG/USD,323640,329300,11-06-21 05:08:21
DOG/USD,322900,329350,11-06-21 05:08:11
DOG/USD,323070,329470,11-06-21 05:08:01
DOG/USD,323980,329540,11-06-21 05:07:51
DOG/USD,323180,329490,11-06-21 05:07:41
DOG/USD,323130,329450,11-06-21 05:07:31
DOG/USD,323370,329370,11-06-21 05:07:20
DOG/USD,322630,329270,11-06-21 05:07:10
DOG/USD,324000,329290,11-06-21 05:07:01
DOG/USD,322910,329280,11-06-21 05:06:51
DOG/USD,323160,329370,11-06-21 05:06:41
DOG/USD,323400,329290,11-06-21 05:06:31
DOG/USD,323120,329390,11-06-21 05:06:21
DOG/USD,322760,329520,11-06-21 05:06:11
DOG/USD,323230,329400,11-06-21 05:06:01
DOG/USD,323030,329550,11-06-21 05:05:51
DOG/USD,322650,329860,11-06-21 05:05:41
DOG/USD,322630,329610,11-06-21 05:05:31
DOG/USD,323250,328990,11-06-21 05:05:21
DOG/USD,322510,328940,11-06-21 05:05:11
DOG/USD,322410,328900,11-06-21 05:05:01
DOG/USD,322810,328910,11-06-21 05:04:51
DOG/USD,322940,328920,11-06-21 05:04:41
DOG/USD,322560,328900,11-06-21 05:04:31
DOG/USD,323100,328900,11-06-21 05:04:21
DOG/USD,322530,328790,11-06-21 05:04:11
DOG/USD,319700,332070,11-06-21 05:04:01
DOG/USD,319750,332010,11-06-21 05:03:50
DOG/USD,319010,331970,11-06-21 05:03:41
DOG/USD,320190,331970,11-06-21 05:03:31
DOG/USD,319240,331970,11-06-21 05:03:21
DOG/USD,321500,332140,11-06-21 05:03:11
DOG/USD,320370,332070,11-06-21 05:03:01
DOG/USD,319220,332070,11-06-21 05:02:51
DOG/USD,321240,331850,11-06-21 05:02:41
DOG/USD,320750,332050,11-06-21 05:02:31
DOG/USD,319670,332050,11-06-21 05:02:21
DOG/USD,318960,332020,11-06-21 05:02:11
DOG/USD,319650,332020,11-06-21 05:02:01
DOG/USD,319140,332020,11-06-21 05:01:51
DOG/USD,318750,331840,11-06-21 05:01:41
DOG/USD,319520,331770,11-06-21 05:01:31
DOG/USD,323320,331860,11-06-21 05:01:21
DOG/USD,322590,331860,11-06-21 05:01:11
DOG/USD,322460,331860,11-06-21 05:01:01
DOG/USD,323130,331860,11-06-21 05:00:51
DOG/USD,322360,331860,11-06-21 05:00:41
DOG/USD,319100,331860,11-06-21 05:00:31
DOG/USD,319720,331860,11-06-21 05:00:21
DOG/USD,322120,328630,11-06-21 05:00:11
DOG/USD,322530,328540,11-06-21 05:00:01
DOG/USD,322770,328630,11-06-21 04:59:51
DOG/USD,323190,328710,11-06-21 04:59:41
DOG/USD,322500,328640,11-06-21 04:59:31
DOG/USD,322370,328410,11-06-21 04:59:21
DOG/USD,322680,328430,11-06-21 04:59:11
DOG/USD,322180,328430,11-06-21 04:59:01
DOG/USD,322860,328480,11-06-21 04:58:51
DOG/USD,322010,328540,11-06-21 04:58:41
DOG/USD,322310,328600,11-06-21 04:58:31
DOG/USD,323320,328620,11-06-21 04:58:20
DOG/USD,322520,328670,11-06-21 04:58:10
DOG/USD,323440,328730,11-06-21 04:58:01
DOG/USD,322310,328720,11-06-21 04:57:51
DOG/USD,323550,328640,11-06-21 04:57:41
DOG/USD,322830,328610,11-06-21 04:57:31
DOG/USD,323330,328610,11-06-21 04:57:20
DOG/USD,322610,328610,11-06-21 04:57:11
DOG/USD,323440,328700,11-06-21 04:57:01
DOG/USD,322680,328640,11-06-21 04:56:51
DOG/USD,323290,328700,11-06-21 04:56:41
DOG/USD,322510,328750,11-06-21 04:56:31
DOG/USD,322270,328900,11-06-21 04:56:21
DOG/USD,322650,328990,11-06-21 04:56:11
DOG/USD,323140,328770,11-06-21 04:56:01
DOG/USD,322450,328990,11-06-21 04:55:51
DOG/USD,321720,332280,11-06-21 04:55:41
DOG/USD,320620,332250,11-06-21 04:55:31
DOG/USD,319740,332330,11-06-21 04:55:21
DOG/USD,322490,332400,11-06-21 04:55:11
DOG/USD,322210,332370,11-06-21 04:55:01
DOG/USD,320970,332390,11-06-21 04:54:51
DOG/USD,320150,332300,11-06-21 04:54:41
DOG/USD,319260,332440,11-06-21 04:54:31
DOG/USD,323200,332440,11-06-21 04:54:21
DOG/USD,322570,332620,11-06-21 04:54:11
DOG/USD,321030,332700,11-06-21 04:54:01
DOG/USD,320150,332700,11-06-21 04:53:51
DOG/USD,322940,333000,11-06-21 04:53:41
DOG/USD,322500,332020,11-06-21 04:53:31
DOG/USD,321770,332020,11-06-21 04:53:21
DOG/USD,321120,332020,11-06-21 04:53:11
DOG/USD,320250,332020,11-06-21 04:53:01
DOG/USD,319410,332020,11-06-21 04:52:51
DOG/USD,321250,332020,11-06-21 04:52:41
DOG/USD,320030,332020,11-06-21 04:52:31
DOG/USD,319110,332020,11-06-21 04:52:21
DOG/USD,320520,332020,11-06-21 04:52:11
DOG/USD,319590,332020,11-06-21 04:52:01
DOG/USD,322800,328790,11-06-21 04:51:50
DOG/USD,323730,328780,11-06-21 04:51:41
DOG/USD,322900,328770,11-06-21 04:51:31
DOG/USD,323670,328830,11-06-21 04:51:21
DOG/USD,322900,328880,11-06-21 04:51:11
DOG/USD,322260,328840,11-06-21 04:51:01
DOG/USD,322340,328810,11-06-21 04:50:51
DOG/USD,322760,328640,11-06-21 04:50:41
DOG/USD,322030,328640,11-06-21 04:50:31
DOG/USD,322770,328290,11-06-21 04:50:21
DOG/USD,322000,328190,11-06-21 04:50:10
DOG/USD,321890,328230,11-06-21 04:50:01
DOG/USD,322230,328300,11-06-21 04:49:51
DOG/USD,321730,328260,11-06-21 04:49:41
DOG/USD,322820,328190,11-06-21 04:49:31
DOG/USD,322110,328240,11-06-21 04:49:21
DOG/USD,323000,328250,11-06-21 04:49:11
DOG/USD,322380,328340,11-06-21 04:49:01
DOG/USD,322560,328360,11-06-21 04:48:51
DOG/USD,323170,328400,11-06-21 04:48:41
DOG/USD,322460,328350,11-06-21 04:48:30
DOG/USD,322990,328320,11-06-21 04:48:21
DOG/USD,322160,328270,11-06-21 04:48:11
DOG/USD,321670,328260,11-06-21 04:48:01
DOG/USD,321890,328340,11-06-21 04:47:51
DOG/USD,321810,328410,11-06-21 04:47:40
DOG/USD,321860,328320,11-06-21 04:47:31
DOG/USD,321970,328240,11-06-21 04:47:21
DOG/USD,321260,330990,11-06-21 04:47:11
DOG/USD,320580,330990,11-06-21 04:47:01
DOG/USD,319750,330990,11-06-21 04:46:51
DOG/USD,318950,330990,11-06-21 04:46:41
DOG/USD,322520,330990,11-06-21 04:46:31
DOG/USD,318830,330990,11-06-21 04:46:21
DOG/USD,320880,330990,11-06-21 04:46:10
DOG/USD,320090,330990,11-06-21 04:46:01
DOG/USD,319410,330990,11-06-21 04:45:50
DOG/USD,320860,330990,11-06-21 04:45:41
DOG/USD,320880,330990,11-06-21 04:45:31
DOG/USD,320510,330990,11-06-21 04:45:21
DOG/USD,319570,330990,11-06-21 04:45:11
DOG/USD,318320,330990,11-06-21 04:45:01
DOG/USD,320740,330990,11-06-21 04:44:50
DOG/USD,319900,330990,11-06-21 04:44:41
DOG/USD,318920,330990,11-06-21 04:44:31
DOG/USD,320560,330990,11-06-21 04:44:21
DOG/USD,319660,330990,11-06-21 04:44:11
DOG/USD,318760,330990,11-06-21 04:44:01
DOG/USD,321220,330990,11-06-21 04:43:51
DOG/USD,320660,330990,11-06-21 04:43:41
DOG/USD,319500,330990,11-06-21 04:43:31
DOG/USD,318590,330990,11-06-21 04:43:21
DOG/USD,321460,327750,11-06-21 04:43:11
DOG/USD,322320,327800,11-06-21 04:43:01
DOG/USD,321840,327890,11-06-21 04:42:51
DOG/USD,322010,327910,11-06-21 04:42:41
DOG/USD,321250,327890,11-06-21 04:42:31
DOG/USD,322520,327770,11-06-21 04:42:21
DOG/USD,321720,327710,11-06-21 04:42:11
DOG/USD,321750,327790,11-06-21 04:42:01
DOG/USD,322990,327850,11-06-21 04:41:51
DOG/USD,322250,327870,11-06-21 04:41:41
DOG/USD,321450,327800,11-06-21 04:41:31
DOG/USD,321610,327890,11-06-21 04:41:21
DOG/USD,322160,327790,11-06-21 04:41:11
DOG/USD,321410,327770,11-06-21 04:41:01
DOG/USD,321780,327770,11-06-21 04:40:51
DOG/USD,321810,327850,11-06-21 04:40:41
DOG/USD,322030,327850,11-06-21 04:40:31
DOG/USD,321500,327910,11-06-21 04:40:21
DOG/USD,321580,328090,11-06-21 04:40:11
DOG/USD,322600,327950,11-06-21 04:40:01
DOG/USD,321600,327930,11-06-21 04:39:51
DOG/USD,321240,327940,11-06-21 04:39:41
DOG/USD,321380,327920,11-06-21 04:39:30
DOG/USD,322730,327800,11-06-21 04:39:21
DOG/USD,321990,327760,11-06-21 04:39:11
DOG/USD,321340,327870,11-06-21 04:39:01
DOG/USD,322940,328000,11-06-21 04:38:51
DOG/USD,322340,327980,11-06-21 04:38:41
DOG/USD,321690,327830,11-06-21 04:38:31
DOG/USD,321330,327960,11-06-21 04:38:21
DOG/USD,321130,327690,11-06-21 04:38:11
DOG/USD,320880,327350,11-06-21 04:38:01
DOG/USD,321510,327310,11-06-21 04:37:51
DOG/USD,320760,327220,11-06-21 04:37:41
DOG/USD,317290,330200,11-06-21 04:37:31
DOG/USD,320230,330200,11-06-21 04:37:21
DOG/USD,320060,330200,11-06-21 04:37:11
DOG/USD,319270,330200,11-06-21 04:37:01
DOG/USD,321930,330200,11-06-21 04:36:51
DOG/USD,321170,330200,11-06-21 04:36:41
DOG/USD,320390,330200,11-06-21 04:36:31
DOG/USD,320270,330200,11-06-21 04:36:21
DOG/USD,319500,330200,11-06-21 04:36:11
DOG/USD,318150,330200,11-06-21 04:36:01
DOG/USD,319960,330200,11-06-21 04:35:51
DOG/USD,320080,330200,11-06-21 04:35:41
DOG/USD,319320,330200,11-06-21 04:35:31
DOG/USD,318990,330200,11-06-21 04:35:21
DOG/USD,318020,330200,11-06-21 04:35:11
DOG/USD,321380,330200,11-06-21 04:35:00
DOG/USD,320700,330200,11-06-21 04:34:50
DOG/USD,320000,330200,11-06-21 04:34:41
DOG/USD,321430,330200,11-06-21 04:34:31
DOG/USD,320640,330200,11-06-21 04:34:21
DOG/USD,319920,330200,11-06-21 04:34:11
DOG/USD,319190,330220,11-06-21 04:34:00
DOG/USD,317940,330190,11-06-21 04:33:51
DOG/USD,321450,326970,11-06-21 04:33:41
DOG/USD,320690,326970,11-06-21 04:33:30
DOG/USD,320830,327010,11-06-21 04:33:21
DOG/USD,320670,327020,11-06-21 04:33:11
DOG/USD,321550,327070,11-06-21 04:33:01
DOG/USD,320800,327080,11-06-21 04:32:51
DOG/USD,320750,327080,11-06-21 04:32:41
DOG/USD,321150,327090,11-06-21 04:32:31
DOG/USD,321150,327070,11-06-21 04:32:20
DOG/USD,321150,327060,11-06-21 04:32:11
DOG/USD,321150,327070,11-06-21 04:32:01
DOG/USD,321150,327090,11-06-21 04:31:51
DOG/USD,321150,327090,11-06-21 04:31:41
DOG/USD,321150,327120,11-06-21 04:31:30
DOG/USD,321150,327080,11-06-21 04:31:21
DOG/USD,321150,327170,11-06-21 04:31:11
DOG/USD,321150,327190,11-06-21 04:31:01
DOG/USD,321150,327280,11-06-21 04:30:51
DOG/USD,321150,327120,11-06-21 04:30:40
DOG/USD,321150,327230,11-06-21 04:30:31
DOG/USD,321150,327310,11-06-21 04:30:21
DOG/USD,321150,327070,11-06-21 04:30:11
DOG/USD,321150,326870,11-06-21 04:30:01
DOG/USD,321150,326930,11-06-21 04:29:50
DOG/USD,321150,327000,11-06-21 04:29:41
DOG/USD,321150,326910,11-06-21 04:29:31
DOG/USD,321150,327090,11-06-21 04:29:21
DOG/USD,321150,327040,11-06-21 04:29:11
DOG/USD,321150,327160,11-06-21 04:29:01
DOG/USD,321150,327170,11-06-21 04:28:51
DOG/USD,321580,327290,11-06-21 04:28:41
DOG/USD,320970,327340,11-06-21 04:28:31
DOG/USD,321610,327220,11-06-21 04:28:21
DOG/USD,320990,327210,11-06-21 04:28:11
DOG/USD,320700,327210,11-06-21 04:28:00
DOG/USD,321070,327300,11-06-21 04:27:51
DOG/USD,319730,330690,11-06-21 04:27:41
DOG/USD,318920,330710,11-06-21 04:27:31
DOG/USD,318060,330690,11-06-21 04:27:21
DOG/USD,320310,330830,11-06-21 04:27:11
DOG/USD,319740,330850,11-06-21 04:27:01
DOG/USD,318910,330910,11-06-21 04:26:51
DOG/USD,318160,330950,11-06-21 04:26:41
DOG/USD,321140,330950,11-06-21 04:26:31
DOG/USD,320630,330950,11-06-21 04:26:21
DOG/USD,319920,330950,11-06-21 04:26:11
DOG/USD,319170,330950,11-06-21 04:26:01
DOG/USD,322500,330950,11-06-21 04:25:51
DOG/USD,321510,330950,11-06-21 04:25:41
DOG/USD,320790,330950,11-06-21 04:25:31
DOG/USD,320100,330950,11-06-21 04:25:21
DOG/USD,319680,330950,11-06-21 04:25:11
DOG/USD,318630,330890,11-06-21 04:25:01
DOG/USD,321920,330890,11-06-21 04:24:51
DOG/USD,321180,330890,11-06-21 04:24:41
DOG/USD,320520,330940,11-06-21 04:24:31
DOG/USD,319840,330880,11-06-21 04:24:21
DOG/USD,318900,330870,11-06-21 04:24:11
DOG/USD,318120,330940,11-06-21 04:24:01
