PAIR,BID,ASK,TIME
UST/USD,1,1.0001,11-06-21 11:09:00
UST/USD,1,1.0001,11-06-21 11:08:50
UST/USD,1,1.0001,11-06-21 11:08:40
UST/USD,1,1.0001,11-06-21 11:08:30
UST/USD,1,1.0001,11-06-21 11:08:20
UST/USD,1,1.0001,11-06-21 11:08:10
UST/USD,1,1.0001,11-06-21 11:08:00
UST/USD,1,1.0001,11-06-21 11:07:50
UST/USD,1,1.0001,11-06-21 11:07:41
UST/USD,1,1.0001,11-06-21 11:07:30
UST/USD,1,1.0001,11-06-21 11:07:20
UST/USD,1,1.0001,11-06-21 11:07:10
UST/USD,1,1.0001,11-06-21 11:07:00
UST/USD,1,1.0001,11-06-21 11:06:50
UST/USD,1,1.0001,11-06-21 11:06:40
UST/USD,1,1.0001,11-06-21 11:06:30
UST/USD,1,1.0001,11-06-21 11:06:20
UST/USD,1,1.0001,11-06-21 11:06:10
UST/USD,1,1.0001,11-06-21 11:06:00
UST/USD,1,1.0001,11-06-21 11:05:50
UST/USD,1,1.0001,11-06-21 11:05:40
UST/USD,1,1.0001,11-06-21 11:05:30
UST/USD,1,1.0001,11-06-21 11:05:20
UST/USD,1,1.0001,11-06-21 11:05:10
UST/USD,1,1.0001,11-06-21 11:05:00
UST/USD,1,1.0001,11-06-21 11:04:50
UST/USD,1,1.0001,11-06-21 11:04:40
UST/USD,1,1.0001,11-06-21 11:04:30
UST/USD,1,1.0001,11-06-21 11:04:20
UST/USD,1,1.0001,11-06-21 11:04:10
UST/USD,1,1.0001,11-06-21 11:04:00
UST/USD,1,1.0001,11-06-21 11:03:50
UST/USD,1,1.0001,11-06-21 11:03:40
UST/USD,1,1.0001,11-06-21 11:03:30
UST/USD,1,1.0001,11-06-21 11:03:20
UST/USD,1,1.0001,11-06-21 11:03:11
UST/USD,1,1.0001,11-06-21 11:03:00
UST/USD,1,1.0001,11-06-21 11:02:50
UST/USD,1,1.0001,11-06-21 11:02:40
UST/USD,1,1.0001,11-06-21 11:02:30
UST/USD,1,1.0001,11-06-21 11:02:20
UST/USD,1,1.0001,11-06-21 11:02:10
UST/USD,1,1.0001,11-06-21 11:02:00
UST/USD,1,1.0001,11-06-21 11:01:50
UST/USD,1,1.0001,11-06-21 11:01:40
UST/USD,1,1.0001,11-06-21 11:01:30
UST/USD,1,1.0001,11-06-21 11:01:20
UST/USD,1,1.0001,11-06-21 11:01:10
UST/USD,1,1.0001,11-06-21 11:01:00
UST/USD,1,1.0001,11-06-21 11:00:51
UST/USD,1,1.0001,11-06-21 11:00:40
UST/USD,1,1.0001,11-06-21 11:00:30
UST/USD,1,1.0001,11-06-21 11:00:20
UST/USD,1,1.0001,11-06-21 11:00:10
UST/USD,1,1.0001,11-06-21 11:00:00
UST/USD,1,1.0001,11-06-21 10:59:50
UST/USD,1,1.0001,11-06-21 10:59:40
UST/USD,1,1.0001,11-06-21 10:59:30
UST/USD,1,1.0001,11-06-21 10:59:20
UST/USD,1,1.0001,11-06-21 10:59:10
UST/USD,1,1.0001,11-06-21 10:59:00
UST/USD,1,1.0001,11-06-21 10:58:50
UST/USD,1,1.0001,11-06-21 10:58:40
UST/USD,1,1.0001,11-06-21 10:58:30
UST/USD,1,1.0001,11-06-21 10:58:20
UST/USD,1,1.0001,11-06-21 10:58:10
UST/USD,1,1.0001,11-06-21 10:58:00
UST/USD,1,1.0001,11-06-21 10:57:50
UST/USD,1,1.0001,11-06-21 10:57:40
UST/USD,1,1.0001,11-06-21 10:57:30
UST/USD,1,1.0001,11-06-21 10:57:21
UST/USD,1,1.0001,11-06-21 10:57:11
UST/USD,1,1.0001,11-06-21 10:57:00
UST/USD,1,1.0001,11-06-21 10:56:50
UST/USD,1,1.0001,11-06-21 10:56:40
UST/USD,1,1.0001,11-06-21 10:56:30
UST/USD,1,1.0001,11-06-21 10:56:20
UST/USD,1,1.0001,11-06-21 10:56:10
UST/USD,1,1.0001,11-06-21 10:56:00
UST/USD,1,1.0001,11-06-21 10:55:50
UST/USD,1,1.0001,11-06-21 10:55:41
UST/USD,1,1.0001,11-06-21 10:55:30
UST/USD,1,1.0001,11-06-21 10:55:20
UST/USD,1,1.0001,11-06-21 10:55:10
UST/USD,1,1.0001,11-06-21 10:55:00
UST/USD,1,1.0001,11-06-21 10:54:50
UST/USD,1,1.0001,11-06-21 10:54:40
UST/USD,1,1.0001,11-06-21 10:54:30
UST/USD,1,1.0001,11-06-21 10:54:20
UST/USD,1,1.0001,11-06-21 10:54:10
UST/USD,1,1.0001,11-06-21 10:54:00
UST/USD,1,1.0001,11-06-21 10:53:50
UST/USD,1,1.0001,11-06-21 10:53:40
UST/USD,1,1.0001,11-06-21 10:53:30
UST/USD,1,1.0001,11-06-21 10:53:20
UST/USD,1,1.0001,11-06-21 10:53:10
UST/USD,1,1.0001,11-06-21 10:53:00
UST/USD,1,1.0001,11-06-21 10:52:50
UST/USD,1,1.0001,11-06-21 10:52:40
UST/USD,1,1.0001,11-06-21 10:52:30
UST/USD,1,1.0001,11-06-21 10:52:20
UST/USD,1,1.0001,11-06-21 10:52:10
UST/USD,1,1.0001,11-06-21 10:52:00
UST/USD,1,1.0001,11-06-21 10:51:50
UST/USD,1,1.0001,11-06-21 10:51:40
UST/USD,1,1.0001,11-06-21 10:51:30
UST/USD,1,1.0001,11-06-21 10:51:20
UST/USD,1,1.0001,11-06-21 10:51:11
UST/USD,1,1.0001,11-06-21 10:51:00
UST/USD,1,1.0001,11-06-21 10:50:50
UST/USD,1,1.0001,11-06-21 10:50:40
UST/USD,1,1.0001,11-06-21 10:50:30
UST/USD,1,1.0001,11-06-21 10:50:20
UST/USD,1,1.0001,11-06-21 10:50:10
UST/USD,0.9999,0.99992,11-06-21 10:50:00
UST/USD,0.9999,0.99992,11-06-21 10:49:50
UST/USD,0.9999,0.99992,11-06-21 10:49:40
UST/USD,0.9999,0.99992,11-06-21 10:49:30
UST/USD,0.99991,0.99992,11-06-21 10:49:20
UST/USD,0.99991,0.99992,11-06-21 10:49:10
UST/USD,0.9999,0.99991,11-06-21 10:49:00
UST/USD,0.9999,0.99991,11-06-21 10:48:50
UST/USD,0.9999,0.99991,11-06-21 10:48:40
UST/USD,0.9999,0.99991,11-06-21 10:48:30
UST/USD,0.99981,0.9999,11-06-21 10:48:20
UST/USD,0.99981,0.99991,11-06-21 10:48:11
UST/USD,0.99985,0.99989,11-06-21 10:48:01
UST/USD,0.99984,0.9999,11-06-21 10:47:50
UST/USD,0.99985,0.9999,11-06-21 10:47:40
UST/USD,0.99981,0.9999,11-06-21 10:47:30
UST/USD,0.99981,0.9999,11-06-21 10:47:20
UST/USD,0.99981,0.9999,11-06-21 10:47:10
UST/USD,0.99981,0.9999,11-06-21 10:47:00
UST/USD,0.99981,0.9999,11-06-21 10:46:50
UST/USD,0.99981,0.9999,11-06-21 10:46:40
UST/USD,0.99981,0.9999,11-06-21 10:46:30
UST/USD,0.99981,0.9999,11-06-21 10:46:20
UST/USD,0.99981,0.9999,11-06-21 10:46:10
UST/USD,0.99989,0.9999,11-06-21 10:46:00
UST/USD,0.99989,0.9999,11-06-21 10:45:50
UST/USD,0.99989,0.9999,11-06-21 10:45:40
UST/USD,0.99989,0.9999,11-06-21 10:45:30
UST/USD,0.99989,0.9999,11-06-21 10:45:20
UST/USD,0.99987,0.9999,11-06-21 10:45:10
UST/USD,0.99987,0.99989,11-06-21 10:45:00
UST/USD,0.99981,0.9999,11-06-21 10:44:50
UST/USD,0.99981,0.9999,11-06-21 10:44:40
UST/USD,0.99981,0.9999,11-06-21 10:44:30
UST/USD,0.99989,0.9999,11-06-21 10:44:20
UST/USD,0.99986,0.9999,11-06-21 10:44:10
UST/USD,0.99986,0.9999,11-06-21 10:44:00
UST/USD,0.99986,0.9999,11-06-21 10:43:50
UST/USD,0.99986,0.9999,11-06-21 10:43:41
UST/USD,0.99986,0.9999,11-06-21 10:43:30
UST/USD,0.99986,0.9999,11-06-21 10:43:20
UST/USD,0.99986,0.9999,11-06-21 10:43:10
UST/USD,0.99989,0.9999,11-06-21 10:43:00
UST/USD,0.99986,0.9999,11-06-21 10:42:50
UST/USD,0.99986,0.9999,11-06-21 10:42:40
UST/USD,0.99989,0.9999,11-06-21 10:42:30
UST/USD,0.99989,0.9999,11-06-21 10:42:20
UST/USD,0.99981,0.99989,11-06-21 10:42:10
UST/USD,0.99988,0.99989,11-06-21 10:42:00
UST/USD,0.99981,0.99989,11-06-21 10:41:50
UST/USD,0.99981,0.99989,11-06-21 10:41:40
UST/USD,0.99981,0.99989,11-06-21 10:41:30
UST/USD,0.99985,0.99989,11-06-21 10:41:20
UST/USD,0.99981,0.99983,11-06-21 10:41:10
UST/USD,0.99981,0.99989,11-06-21 10:41:00
UST/USD,0.99982,0.99989,11-06-21 10:40:50
UST/USD,0.99981,0.99989,11-06-21 10:40:41
UST/USD,0.99981,0.99989,11-06-21 10:40:30
UST/USD,0.99981,0.99989,11-06-21 10:40:20
UST/USD,0.99985,0.99986,11-06-21 10:40:10
UST/USD,0.99982,0.99984,11-06-21 10:40:00
UST/USD,0.99982,0.99984,11-06-21 10:39:50
UST/USD,0.99981,0.99986,11-06-21 10:39:40
UST/USD,0.9998,0.99982,11-06-21 10:39:30
UST/USD,0.9998,0.99982,11-06-21 10:39:20
UST/USD,0.9998,0.99982,11-06-21 10:39:10
UST/USD,0.9998,0.99982,11-06-21 10:39:00
UST/USD,0.9998,0.99982,11-06-21 10:38:50
UST/USD,0.9998,0.99982,11-06-21 10:38:40
UST/USD,0.9998,0.99982,11-06-21 10:38:30
UST/USD,0.9998,0.99982,11-06-21 10:38:20
UST/USD,0.9998,0.99982,11-06-21 10:38:10
UST/USD,0.9998,0.99982,11-06-21 10:38:00
UST/USD,0.9998,0.99982,11-06-21 10:37:50
UST/USD,0.9998,0.99982,11-06-21 10:37:41
UST/USD,0.9998,0.99982,11-06-21 10:37:30
UST/USD,0.99981,0.99982,11-06-21 10:37:20
UST/USD,0.99981,0.99982,11-06-21 10:37:10
UST/USD,0.99981,0.99982,11-06-21 10:37:00
UST/USD,0.99981,0.99982,11-06-21 10:36:50
UST/USD,0.99981,0.99984,11-06-21 10:36:40
UST/USD,0.99981,0.99986,11-06-21 10:36:31
UST/USD,0.99981,0.99986,11-06-21 10:36:20
UST/USD,0.9998,0.99986,11-06-21 10:36:10
UST/USD,0.9998,0.99986,11-06-21 10:36:00
UST/USD,0.9998,0.99986,11-06-21 10:35:50
UST/USD,0.9998,0.99986,11-06-21 10:35:40
UST/USD,0.9998,0.99986,11-06-21 10:35:30
UST/USD,0.9998,0.99986,11-06-21 10:35:20
UST/USD,0.9998,0.99986,11-06-21 10:35:10
UST/USD,0.9998,0.99986,11-06-21 10:35:00
UST/USD,0.9998,0.99986,11-06-21 10:34:50
UST/USD,0.9998,0.99986,11-06-21 10:34:41
UST/USD,0.9998,0.99986,11-06-21 10:34:30
UST/USD,0.9998,0.99986,11-06-21 10:34:20
UST/USD,0.9998,0.99986,11-06-21 10:34:11
UST/USD,0.9998,0.99986,11-06-21 10:34:00
UST/USD,0.9998,0.99986,11-06-21 10:33:50
UST/USD,0.9998,0.99986,11-06-21 10:33:40
UST/USD,0.9998,0.99986,11-06-21 10:33:30
UST/USD,0.9998,0.99986,11-06-21 10:33:20
UST/USD,0.9998,0.99986,11-06-21 10:33:10
UST/USD,0.9998,0.99986,11-06-21 10:33:00
UST/USD,0.9998,0.99986,11-06-21 10:32:50
UST/USD,0.9998,0.99986,11-06-21 10:32:40
UST/USD,0.99981,0.99985,11-06-21 10:32:30
UST/USD,0.99981,0.99986,11-06-21 10:32:21
UST/USD,0.99981,0.99986,11-06-21 10:32:10
UST/USD,0.99981,0.99986,11-06-21 10:32:00
UST/USD,0.99981,0.99986,11-06-21 10:31:50
UST/USD,0.99981,0.99986,11-06-21 10:31:40
UST/USD,0.99981,0.99986,11-06-21 10:31:30
UST/USD,0.9998,0.99986,11-06-21 10:31:20
UST/USD,0.9998,0.99986,11-06-21 10:31:10
UST/USD,0.9998,0.99986,11-06-21 10:31:00
UST/USD,0.9998,0.99986,11-06-21 10:30:51
UST/USD,0.9998,0.99986,11-06-21 10:30:40
UST/USD,0.9998,0.99986,11-06-21 10:30:30
UST/USD,0.9998,0.99986,11-06-21 10:30:20
UST/USD,0.9998,0.99986,11-06-21 10:30:10
UST/USD,0.9998,0.99986,11-06-21 10:30:01
UST/USD,0.9998,0.99986,11-06-21 10:29:50
UST/USD,0.9998,0.99981,11-06-21 10:29:40
UST/USD,0.9998,0.99981,11-06-21 10:29:30
UST/USD,0.9998,0.99981,11-06-21 10:29:20
UST/USD,0.9998,0.99981,11-06-21 10:29:10
UST/USD,0.99976,0.99981,11-06-21 10:29:00
UST/USD,0.99976,0.99982,11-06-21 10:28:51
UST/USD,0.99976,0.99984,11-06-21 10:28:40
UST/USD,0.9998,0.99986,11-06-21 10:28:30
UST/USD,0.99975,0.99979,11-06-21 10:28:20
UST/USD,0.99975,0.99979,11-06-21 10:28:10
UST/USD,0.99975,0.99979,11-06-21 10:28:00
UST/USD,0.99975,0.99979,11-06-21 10:27:50
UST/USD,0.99975,0.99979,11-06-21 10:27:40
UST/USD,0.99975,0.99979,11-06-21 10:27:30
UST/USD,0.99975,0.99979,11-06-21 10:27:20
UST/USD,0.99975,0.99979,11-06-21 10:27:11
UST/USD,0.99976,0.99979,11-06-21 10:27:00
UST/USD,0.99978,0.99979,11-06-21 10:26:50
UST/USD,0.99976,0.99979,11-06-21 10:26:40
UST/USD,0.99976,0.99979,11-06-21 10:26:30
UST/USD,0.99976,0.99979,11-06-21 10:26:20
UST/USD,0.99976,0.99979,11-06-21 10:26:10
UST/USD,0.99976,0.99979,11-06-21 10:26:00
UST/USD,0.99976,0.99979,11-06-21 10:25:50
UST/USD,0.99976,0.99979,11-06-21 10:25:41
UST/USD,0.99976,0.99979,11-06-21 10:25:30
UST/USD,0.99976,0.99979,11-06-21 10:25:20
UST/USD,0.99976,0.99979,11-06-21 10:25:10
UST/USD,0.99976,0.99979,11-06-21 10:25:00
UST/USD,0.99976,0.99979,11-06-21 10:24:50
UST/USD,0.99976,0.99979,11-06-21 10:24:40
UST/USD,0.99976,0.99979,11-06-21 10:24:30
UST/USD,0.99976,0.99979,11-06-21 10:24:20
UST/USD,0.99976,0.99979,11-06-21 10:24:10
UST/USD,0.99975,0.99979,11-06-21 10:24:00
UST/USD,0.99975,0.99979,11-06-21 10:23:50
UST/USD,0.99975,0.99979,11-06-21 10:23:40
UST/USD,0.99975,0.99979,11-06-21 10:23:30
UST/USD,0.99975,0.99979,11-06-21 10:23:20
UST/USD,0.99975,0.99979,11-06-21 10:23:10
UST/USD,0.99975,0.99979,11-06-21 10:23:00
UST/USD,0.99975,0.99979,11-06-21 10:22:50
UST/USD,0.99975,0.99986,11-06-21 10:22:40
UST/USD,0.99975,0.9998,11-06-21 10:22:30
UST/USD,0.99975,0.9998,11-06-21 10:22:20
UST/USD,0.99975,0.99984,11-06-21 10:22:10
UST/USD,0.99979,0.99984,11-06-21 10:22:00
UST/USD,0.99973,0.99984,11-06-21 10:21:50
UST/USD,0.99973,0.99982,11-06-21 10:21:40
UST/USD,0.99973,0.99984,11-06-21 10:21:30
UST/USD,0.99973,0.99986,11-06-21 10:21:20
UST/USD,0.99973,0.99982,11-06-21 10:21:11
UST/USD,0.99973,0.99984,11-06-21 10:21:00
UST/USD,0.99973,0.99986,11-06-21 10:20:50
UST/USD,0.99973,0.99982,11-06-21 10:20:40
UST/USD,0.99973,0.99984,11-06-21 10:20:30
UST/USD,0.99979,0.99986,11-06-21 10:20:20
UST/USD,0.99973,0.99986,11-06-21 10:20:10
UST/USD,0.99979,0.99986,11-06-21 10:20:00
UST/USD,0.99973,0.99982,11-06-21 10:19:50
UST/USD,0.99973,0.99984,11-06-21 10:19:40
UST/USD,0.99973,0.99985,11-06-21 10:19:30
UST/USD,0.99973,0.99987,11-06-21 10:19:20
UST/USD,0.99973,0.99987,11-06-21 10:19:10
UST/USD,0.99971,0.99978,11-06-21 10:19:00
UST/USD,0.99971,0.99978,11-06-21 10:18:50
UST/USD,0.99971,0.99978,11-06-21 10:18:40
UST/USD,0.99971,0.99978,11-06-21 10:18:30
UST/USD,0.99971,0.99978,11-06-21 10:18:20
UST/USD,0.99971,0.99978,11-06-21 10:18:11
UST/USD,0.99971,0.99978,11-06-21 10:18:00
UST/USD,0.99971,0.99979,11-06-21 10:17:50
UST/USD,0.99971,0.99979,11-06-21 10:17:40
UST/USD,0.99972,0.99979,11-06-21 10:17:30
UST/USD,0.99971,0.99979,11-06-21 10:17:21
UST/USD,0.99971,0.99979,11-06-21 10:17:10
UST/USD,0.99971,0.99979,11-06-21 10:17:00
UST/USD,0.99978,0.99979,11-06-21 10:16:50
UST/USD,0.99976,0.99979,11-06-21 10:16:40
UST/USD,0.99978,0.99979,11-06-21 10:16:30
UST/USD,0.99976,0.99979,11-06-21 10:16:20
UST/USD,0.99971,0.99979,11-06-21 10:16:10
UST/USD,0.99971,0.99979,11-06-21 10:16:00
UST/USD,0.99974,0.99979,11-06-21 10:15:50
UST/USD,0.99973,0.99979,11-06-21 10:15:40
UST/USD,0.99977,0.99979,11-06-21 10:15:30
UST/USD,0.99972,0.99977,11-06-21 10:15:21
UST/USD,0.99972,0.99977,11-06-21 10:15:10
UST/USD,0.9997,0.99974,11-06-21 10:15:00
UST/USD,0.9997,0.99974,11-06-21 10:14:50
UST/USD,0.9997,0.99974,11-06-21 10:14:40
UST/USD,0.9997,0.99974,11-06-21 10:14:30
UST/USD,0.9997,0.99974,11-06-21 10:14:20
UST/USD,0.9997,0.99974,11-06-21 10:14:10
UST/USD,0.9997,0.99974,11-06-21 10:14:00
UST/USD,0.9997,0.99974,11-06-21 10:13:50
UST/USD,0.9997,0.99974,11-06-21 10:13:40
UST/USD,0.9997,0.99974,11-06-21 10:13:30
UST/USD,0.9997,0.99974,11-06-21 10:13:20
UST/USD,0.99971,0.99974,11-06-21 10:13:10
UST/USD,0.99971,0.99974,11-06-21 10:13:00
UST/USD,0.99971,0.99974,11-06-21 10:12:51
UST/USD,0.99972,0.99974,11-06-21 10:12:40
UST/USD,0.99973,0.99974,11-06-21 10:12:30
UST/USD,0.99971,0.99974,11-06-21 10:12:20
UST/USD,0.99971,0.99974,11-06-21 10:12:11
UST/USD,0.99973,0.99974,11-06-21 10:12:00
UST/USD,0.99973,0.99974,11-06-21 10:11:50
UST/USD,0.99972,0.99974,11-06-21 10:11:40
UST/USD,0.9997,0.99974,11-06-21 10:11:30
UST/USD,0.9997,0.99974,11-06-21 10:11:20
UST/USD,0.99973,0.99974,11-06-21 10:11:10
UST/USD,0.9997,0.99974,11-06-21 10:11:00
UST/USD,0.9997,0.99974,11-06-21 10:10:50
UST/USD,0.9997,0.99974,11-06-21 10:10:40
UST/USD,0.99972,0.99974,11-06-21 10:10:30
UST/USD,0.99971,0.99974,11-06-21 10:10:20
UST/USD,0.99971,0.99974,11-06-21 10:10:10
UST/USD,0.99973,0.99974,11-06-21 10:10:00
UST/USD,0.99973,0.99974,11-06-21 10:09:50
UST/USD,0.99973,0.99974,11-06-21 10:09:40
UST/USD,0.99973,0.99974,11-06-21 10:09:30
UST/USD,0.99973,0.99974,11-06-21 10:09:20
UST/USD,0.99972,0.99974,11-06-21 10:09:10
UST/USD,0.99973,0.99974,11-06-21 10:09:00
UST/USD,0.99973,0.99974,11-06-21 10:08:50
UST/USD,0.99973,0.99974,11-06-21 10:08:40
UST/USD,0.99971,0.99974,11-06-21 10:08:30
UST/USD,0.99973,0.99974,11-06-21 10:08:21
UST/USD,0.99973,0.99974,11-06-21 10:08:10
UST/USD,0.9997,0.99974,11-06-21 10:08:00
UST/USD,0.99971,0.99974,11-06-21 10:07:50
UST/USD,0.99971,0.99974,11-06-21 10:07:40
UST/USD,0.99971,0.99974,11-06-21 10:07:30
UST/USD,0.99971,0.99976,11-06-21 10:07:20
UST/USD,0.99971,0.99978,11-06-21 10:07:10
UST/USD,0.9997,0.99971,11-06-21 10:07:00
UST/USD,0.9997,0.99971,11-06-21 10:06:50
UST/USD,0.9997,0.99971,11-06-21 10:06:40
UST/USD,0.9997,0.99971,11-06-21 10:06:30
UST/USD,0.9997,0.99971,11-06-21 10:06:20
UST/USD,0.9997,0.99971,11-06-21 10:06:10
UST/USD,0.9997,0.99971,11-06-21 10:06:00
UST/USD,0.9997,0.99972,11-06-21 10:05:50
UST/USD,0.9997,0.99974,11-06-21 10:05:40
UST/USD,0.9997,0.99972,11-06-21 10:05:30
UST/USD,0.9997,0.99974,11-06-21 10:05:20
UST/USD,0.9997,0.99974,11-06-21 10:05:11
UST/USD,0.9997,0.99978,11-06-21 10:05:00
UST/USD,0.9997,0.99972,11-06-21 10:04:50
UST/USD,0.9997,0.99972,11-06-21 10:04:41
UST/USD,0.9997,0.99972,11-06-21 10:04:30
UST/USD,0.9997,0.99972,11-06-21 10:04:21
UST/USD,0.99972,0.99975,11-06-21 10:04:10
UST/USD,0.99971,0.99979,11-06-21 10:04:00
UST/USD,0.99971,0.99979,11-06-21 10:03:50
UST/USD,0.99971,0.99979,11-06-21 10:03:40
UST/USD,0.99971,0.99979,11-06-21 10:03:30
UST/USD,0.99971,0.99979,11-06-21 10:03:20
UST/USD,0.99971,0.99979,11-06-21 10:03:11
UST/USD,0.99971,0.99979,11-06-21 10:03:00
UST/USD,0.99971,0.99979,11-06-21 10:02:50
UST/USD,0.99971,0.99979,11-06-21 10:02:40
UST/USD,0.99971,0.99979,11-06-21 10:02:30
UST/USD,0.9997,0.99979,11-06-21 10:02:20
UST/USD,0.9997,0.99979,11-06-21 10:02:10
UST/USD,0.99973,0.99979,11-06-21 10:02:00
UST/USD,0.99973,0.99979,11-06-21 10:01:50
UST/USD,0.99973,0.99979,11-06-21 10:01:40
UST/USD,0.99973,0.99979,11-06-21 10:01:30
UST/USD,0.99973,0.99976,11-06-21 10:01:20
UST/USD,0.99973,0.99983,11-06-21 10:01:10
UST/USD,0.99973,0.99983,11-06-21 10:01:00
UST/USD,0.99973,0.99983,11-06-21 10:00:50
UST/USD,0.99973,0.99983,11-06-21 10:00:40
UST/USD,0.99977,0.99979,11-06-21 10:00:30
UST/USD,0.99974,0.99983,11-06-21 10:00:20
UST/USD,0.99974,0.99983,11-06-21 10:00:10
UST/USD,0.99974,0.99983,11-06-21 10:00:00
UST/USD,0.99974,0.99983,11-06-21 9:59:50
UST/USD,0.99973,0.99983,11-06-21 9:59:40
UST/USD,0.99973,0.99983,11-06-21 9:59:30
UST/USD,0.99973,0.99983,11-06-21 9:59:20
UST/USD,0.99973,0.99983,11-06-21 9:59:10
UST/USD,0.99973,0.99983,11-06-21 9:59:00
UST/USD,0.99973,0.99983,11-06-21 9:58:50
UST/USD,0.99973,0.99983,11-06-21 9:58:41
UST/USD,0.99973,0.99983,11-06-21 9:58:30
UST/USD,0.99973,0.99981,11-06-21 9:58:20
UST/USD,0.99973,0.99981,11-06-21 9:58:10
UST/USD,0.99975,0.99979,11-06-21 9:58:00
UST/USD,0.9998,0.99982,11-06-21 9:57:50
UST/USD,0.9998,0.99982,11-06-21 9:57:40
UST/USD,0.9998,0.99982,11-06-21 9:57:30
UST/USD,0.9998,0.99987,11-06-21 9:57:20
UST/USD,0.9998,0.99987,11-06-21 9:57:10
UST/USD,0.99981,0.99987,11-06-21 9:57:00
UST/USD,0.99981,0.99983,11-06-21 9:56:50
UST/USD,0.9998,0.99983,11-06-21 9:56:40
UST/USD,0.9998,0.99983,11-06-21 9:56:30
UST/USD,0.9998,0.99987,11-06-21 9:56:20
UST/USD,0.9998,0.99987,11-06-21 9:56:10
UST/USD,0.9998,0.99987,11-06-21 9:56:00
UST/USD,0.9998,0.99987,11-06-21 9:55:50
UST/USD,0.9998,0.99987,11-06-21 9:55:40
UST/USD,0.9998,0.99987,11-06-21 9:55:30
UST/USD,0.9998,0.99987,11-06-21 9:55:20
UST/USD,0.9998,0.99987,11-06-21 9:55:10
UST/USD,0.9998,0.99987,11-06-21 9:55:00
UST/USD,0.9998,0.99987,11-06-21 9:54:50
UST/USD,0.9998,0.99987,11-06-21 9:54:40
UST/USD,0.9998,0.99987,11-06-21 9:54:30
UST/USD,0.9998,0.99987,11-06-21 9:54:20
UST/USD,0.9998,0.99987,11-06-21 9:54:11
UST/USD,0.99984,0.99987,11-06-21 9:54:00
UST/USD,0.9998,0.99987,11-06-21 9:53:50
UST/USD,0.9998,0.99983,11-06-21 9:53:40
UST/USD,0.9998,0.99982,11-06-21 9:53:30
UST/USD,0.9998,0.99987,11-06-21 9:53:20
UST/USD,0.9998,0.99987,11-06-21 9:53:10
UST/USD,0.9998,0.99987,11-06-21 9:53:00
UST/USD,0.9998,0.99987,11-06-21 9:52:50
UST/USD,0.9998,0.99987,11-06-21 9:52:41
UST/USD,0.9998,0.99987,11-06-21 9:52:30
UST/USD,0.9998,0.99987,11-06-21 9:52:20
UST/USD,0.9998,0.99987,11-06-21 9:52:10
UST/USD,0.9998,0.99987,11-06-21 9:52:00
UST/USD,0.9998,0.99987,11-06-21 9:51:50
UST/USD,0.9998,0.99987,11-06-21 9:51:40
UST/USD,0.9998,0.99985,11-06-21 9:51:30
UST/USD,0.9998,0.99982,11-06-21 9:51:20
UST/USD,0.9998,0.99982,11-06-21 9:51:11
UST/USD,0.9998,0.99987,11-06-21 9:51:00
UST/USD,0.9998,0.99987,11-06-21 9:50:50
UST/USD,0.99981,0.99983,11-06-21 9:50:40
UST/USD,0.99981,0.99983,11-06-21 9:50:30
UST/USD,0.99981,0.99987,11-06-21 9:50:20
UST/USD,0.99981,0.99987,11-06-21 9:50:10
UST/USD,0.99981,0.99987,11-06-21 9:50:00
UST/USD,0.99981,0.99987,11-06-21 9:49:50
UST/USD,0.99981,0.99987,11-06-21 9:49:40
UST/USD,0.99981,0.99986,11-06-21 9:49:30
UST/USD,0.99981,0.99987,11-06-21 9:49:20
UST/USD,0.99981,0.99984,11-06-21 9:49:10
UST/USD,0.99981,0.99984,11-06-21 9:49:00
UST/USD,0.99981,0.99984,11-06-21 9:48:50
UST/USD,0.99981,0.99984,11-06-21 9:48:40
UST/USD,0.99981,0.99984,11-06-21 9:48:30
UST/USD,0.99981,0.99987,11-06-21 9:48:20
UST/USD,0.99981,0.99987,11-06-21 9:48:10
UST/USD,0.99981,0.99985,11-06-21 9:48:00
UST/USD,0.99981,0.99985,11-06-21 9:47:50
UST/USD,0.99982,0.99983,11-06-21 9:47:40
UST/USD,0.99982,0.99983,11-06-21 9:47:30
UST/USD,0.99982,0.99987,11-06-21 9:47:20
UST/USD,0.99982,0.99984,11-06-21 9:47:10
UST/USD,0.99982,0.99987,11-06-21 9:47:00
UST/USD,0.99982,0.99987,11-06-21 9:46:50
UST/USD,0.99982,0.99987,11-06-21 9:46:40
UST/USD,0.99981,0.99987,11-06-21 9:46:30
UST/USD,0.99985,0.99987,11-06-21 9:46:20
UST/USD,0.99983,0.99987,11-06-21 9:46:10
UST/USD,0.99983,0.99988,11-06-21 9:46:00
UST/USD,0.99983,0.99988,11-06-21 9:45:51
UST/USD,0.99982,0.99986,11-06-21 9:45:40
UST/USD,0.99981,0.99984,11-06-21 9:45:30
UST/USD,0.99983,0.99986,11-06-21 9:45:20
UST/USD,0.99981,0.99987,11-06-21 9:45:10
UST/USD,0.99981,0.99987,11-06-21 9:45:00
UST/USD,0.99981,0.99987,11-06-21 9:44:50
UST/USD,0.99981,0.99987,11-06-21 9:44:41
UST/USD,0.99981,0.99987,11-06-21 9:44:30
UST/USD,0.99981,0.99987,11-06-21 9:44:21
UST/USD,0.99981,0.99987,11-06-21 9:44:10
UST/USD,0.99981,0.99987,11-06-21 9:44:00
UST/USD,0.99981,0.99987,11-06-21 9:43:50
UST/USD,0.99981,0.99987,11-06-21 9:43:41
UST/USD,0.99981,0.99986,11-06-21 9:43:30
UST/USD,0.99981,0.99983,11-06-21 9:43:20
UST/USD,0.99981,0.99986,11-06-21 9:43:10
UST/USD,0.99981,0.99986,11-06-21 9:43:00
UST/USD,0.99981,0.99986,11-06-21 9:42:50
UST/USD,0.99981,0.99983,11-06-21 9:42:40
UST/USD,0.99981,0.99986,11-06-21 9:42:30
UST/USD,0.99981,0.99986,11-06-21 9:42:20
UST/USD,0.99982,0.99986,11-06-21 9:42:11
UST/USD,0.99982,0.99986,11-06-21 9:42:00
UST/USD,0.99982,0.99986,11-06-21 9:41:50
UST/USD,0.99982,0.99986,11-06-21 9:41:40
UST/USD,0.99982,0.99986,11-06-21 9:41:30
UST/USD,0.99982,0.99986,11-06-21 9:41:20
UST/USD,0.99982,0.99986,11-06-21 9:41:10
UST/USD,0.99982,0.99986,11-06-21 9:41:00
UST/USD,0.99982,0.99986,11-06-21 9:40:50
UST/USD,0.99982,0.99986,11-06-21 9:40:40
UST/USD,0.99982,0.99986,11-06-21 9:40:30
UST/USD,0.99982,0.99987,11-06-21 9:40:21
UST/USD,0.99982,0.99987,11-06-21 9:40:10
UST/USD,0.99982,0.99987,11-06-21 9:40:00
UST/USD,0.99982,0.99987,11-06-21 9:39:50
UST/USD,0.99982,0.99987,11-06-21 9:39:40
UST/USD,0.99982,0.99987,11-06-21 9:39:30
UST/USD,0.99982,0.99987,11-06-21 9:39:20
UST/USD,0.99982,0.99987,11-06-21 9:39:11
UST/USD,0.99982,0.99987,11-06-21 9:39:00
UST/USD,0.99982,0.99987,11-06-21 9:38:50
UST/USD,0.99982,0.99987,11-06-21 9:38:40
UST/USD,0.99982,0.99987,11-06-21 9:38:30
UST/USD,0.99981,0.99987,11-06-21 9:38:20
UST/USD,0.99981,0.99987,11-06-21 9:38:10
UST/USD,0.99981,0.99987,11-06-21 9:38:00
UST/USD,0.99982,0.99983,11-06-21 9:37:50
UST/USD,0.99982,0.99986,11-06-21 9:37:41
UST/USD,0.99982,0.99986,11-06-21 9:37:30
UST/USD,0.99982,0.99987,11-06-21 9:37:21
UST/USD,0.99983,0.99987,11-06-21 9:37:10
UST/USD,0.99983,0.99987,11-06-21 9:37:00
UST/USD,0.99982,0.99987,11-06-21 9:36:50
UST/USD,0.99982,0.99986,11-06-21 9:36:40
UST/USD,0.99982,0.99988,11-06-21 9:36:30
UST/USD,0.99982,0.99987,11-06-21 9:36:20
UST/USD,0.99982,0.99987,11-06-21 9:36:10
UST/USD,0.99982,0.99987,11-06-21 9:36:00
UST/USD,0.99982,0.99987,11-06-21 9:35:50
UST/USD,0.99984,0.99988,11-06-21 9:35:40
UST/USD,0.99982,0.99987,11-06-21 9:35:30
UST/USD,0.99986,0.99987,11-06-21 9:35:20
UST/USD,0.99982,0.99987,11-06-21 9:35:10
UST/USD,0.99982,0.99987,11-06-21 9:35:00
UST/USD,0.99982,0.99987,11-06-21 9:34:50
UST/USD,0.99982,0.99987,11-06-21 9:34:41
UST/USD,0.99982,0.99987,11-06-21 9:34:30
UST/USD,0.99982,0.99987,11-06-21 9:34:20
UST/USD,0.99982,0.99987,11-06-21 9:34:10
UST/USD,0.99985,0.99988,11-06-21 9:34:00
UST/USD,0.99982,0.99986,11-06-21 9:33:51
UST/USD,0.99982,0.99986,11-06-21 9:33:40
UST/USD,0.99985,0.99986,11-06-21 9:33:30
UST/USD,0.99984,0.99988,11-06-21 9:33:20
UST/USD,0.99982,0.99987,11-06-21 9:33:10
UST/USD,0.99982,0.99987,11-06-21 9:33:00
UST/USD,0.99982,0.99987,11-06-21 9:32:50
UST/USD,0.99983,0.99988,11-06-21 9:32:40
UST/USD,0.99982,0.99988,11-06-21 9:32:30
UST/USD,0.99982,0.99988,11-06-21 9:32:20
UST/USD,0.99981,0.99983,11-06-21 9:32:10
UST/USD,0.99981,0.99983,11-06-21 9:32:00
UST/USD,0.99981,0.99983,11-06-21 9:31:50
UST/USD,0.99981,0.99983,11-06-21 9:31:40
UST/USD,0.99981,0.99983,11-06-21 9:31:30
UST/USD,0.99981,0.99983,11-06-21 9:31:20
UST/USD,0.99981,0.99983,11-06-21 9:31:10
UST/USD,0.99981,0.99983,11-06-21 9:31:00
UST/USD,0.99981,0.99983,11-06-21 9:30:50
UST/USD,0.99981,0.99982,11-06-21 9:30:40
UST/USD,0.99981,0.99982,11-06-21 9:30:30
UST/USD,0.99981,0.99983,11-06-21 9:30:20
UST/USD,0.99981,0.99983,11-06-21 9:30:10
UST/USD,0.99981,0.99983,11-06-21 9:30:00
UST/USD,0.99981,0.99983,11-06-21 9:29:50
UST/USD,0.99981,0.99983,11-06-21 9:29:40
UST/USD,0.99981,0.99983,11-06-21 9:29:30
UST/USD,0.99981,0.99983,11-06-21 9:29:20
UST/USD,0.99981,0.99983,11-06-21 9:29:10
UST/USD,0.99981,0.99983,11-06-21 9:29:00
UST/USD,0.99981,0.99983,11-06-21 9:28:50
UST/USD,0.99981,0.99983,11-06-21 9:28:41
UST/USD,0.99981,0.99983,11-06-21 9:28:30
UST/USD,0.99981,0.99983,11-06-21 9:28:20
UST/USD,0.99981,0.99983,11-06-21 9:28:10
UST/USD,0.99981,0.99983,11-06-21 9:28:00
UST/USD,0.99982,0.99983,11-06-21 9:27:50
UST/USD,0.99982,0.99983,11-06-21 9:27:40
UST/USD,0.99981,0.99983,11-06-21 9:27:30
UST/USD,0.99981,0.99983,11-06-21 9:27:21
UST/USD,0.99981,0.99983,11-06-21 9:27:11
UST/USD,0.99981,0.99982,11-06-21 9:27:00
UST/USD,0.99981,0.99982,11-06-21 9:26:51
UST/USD,0.99981,0.99982,11-06-21 9:26:40
UST/USD,0.99981,0.99982,11-06-21 9:26:30
UST/USD,0.99981,0.99982,11-06-21 9:26:20
UST/USD,0.99981,0.99982,11-06-21 9:26:10
UST/USD,0.99981,0.99982,11-06-21 9:26:00
UST/USD,0.99981,0.99982,11-06-21 9:25:51
UST/USD,0.99981,0.99982,11-06-21 9:25:40
UST/USD,0.99981,0.99982,11-06-21 9:25:30
UST/USD,0.99981,0.99982,11-06-21 9:25:20
UST/USD,0.99981,0.99982,11-06-21 9:25:10
UST/USD,0.99981,0.99982,11-06-21 9:25:00
UST/USD,0.99981,0.99982,11-06-21 9:24:51
UST/USD,0.99981,0.99982,11-06-21 9:24:40
UST/USD,0.99981,0.99982,11-06-21 9:24:30
UST/USD,0.99981,0.99982,11-06-21 9:24:20
UST/USD,0.99981,0.99982,11-06-21 9:24:10
UST/USD,0.99981,0.99982,11-06-21 9:24:00
UST/USD,0.99981,0.99982,11-06-21 9:23:50
UST/USD,0.99981,0.99982,11-06-21 9:23:40
UST/USD,0.99981,0.99982,11-06-21 9:23:30
UST/USD,0.99981,0.99982,11-06-21 9:23:20
UST/USD,0.99975,0.9998,11-06-21 9:23:10
UST/USD,0.99971,0.9998,11-06-21 9:23:00
UST/USD,0.99975,0.99979,11-06-21 9:22:50
UST/USD,0.99975,0.99979,11-06-21 9:22:40
UST/USD,0.99975,0.99979,11-06-21 9:22:30
UST/USD,0.99975,0.99979,11-06-21 9:22:20
UST/USD,0.99975,0.99979,11-06-21 9:22:10
UST/USD,0.99975,0.99979,11-06-21 9:22:00
UST/USD,0.99971,0.99979,11-06-21 9:21:50
UST/USD,0.99975,0.99979,11-06-21 9:21:40
UST/USD,0.99975,0.99979,11-06-21 9:21:30
UST/USD,0.99975,0.99979,11-06-21 9:21:20
UST/USD,0.99975,0.99979,11-06-21 9:21:10
UST/USD,0.99975,0.99979,11-06-21 9:21:00
UST/USD,0.99975,0.99979,11-06-21 9:20:50
UST/USD,0.99975,0.99979,11-06-21 9:20:40
UST/USD,0.99971,0.99979,11-06-21 9:20:31
UST/USD,0.99976,0.99979,11-06-21 9:20:20
UST/USD,0.99975,0.99979,11-06-21 9:20:10
UST/USD,0.99975,0.99979,11-06-21 9:20:00
UST/USD,0.99975,0.99979,11-06-21 9:19:50
UST/USD,0.99975,0.99979,11-06-21 9:19:40
UST/USD,0.99971,0.99979,11-06-21 9:19:31
UST/USD,0.99975,0.99979,11-06-21 9:19:20
UST/USD,0.99975,0.99979,11-06-21 9:19:10
UST/USD,0.99975,0.99979,11-06-21 9:19:00
UST/USD,0.99975,0.99979,11-06-21 9:18:50
UST/USD,0.99975,0.99979,11-06-21 9:18:40
UST/USD,0.99975,0.99979,11-06-21 9:18:30
UST/USD,0.99975,0.99979,11-06-21 9:18:20
UST/USD,0.99975,0.99979,11-06-21 9:18:10
UST/USD,0.99975,0.99979,11-06-21 9:18:00
UST/USD,0.99971,0.99979,11-06-21 9:17:50
UST/USD,0.99978,0.99979,11-06-21 9:17:40
UST/USD,0.99978,0.99979,11-06-21 9:17:30
UST/USD,0.99978,0.99979,11-06-21 9:17:20
UST/USD,0.99978,0.99979,11-06-21 9:17:10
UST/USD,0.99978,0.99979,11-06-21 9:17:00
UST/USD,0.99977,0.99979,11-06-21 9:16:50
UST/USD,0.99977,0.99979,11-06-21 9:16:40
UST/USD,0.99977,0.99979,11-06-21 9:16:30
UST/USD,0.99973,0.99978,11-06-21 9:16:20
UST/USD,0.99972,0.99978,11-06-21 9:16:10
UST/USD,0.99974,0.99978,11-06-21 9:16:00
UST/USD,0.99972,0.99978,11-06-21 9:15:50
UST/USD,0.99971,0.99978,11-06-21 9:15:40
UST/USD,0.99971,0.99978,11-06-21 9:15:30
UST/USD,0.9997,0.99978,11-06-21 9:15:20
UST/USD,0.99973,0.99978,11-06-21 9:15:11
UST/USD,0.99971,0.99978,11-06-21 9:15:01
UST/USD,0.99971,0.99979,11-06-21 9:14:50
UST/USD,0.99971,0.99979,11-06-21 9:14:40
UST/USD,0.99974,0.99979,11-06-21 9:14:30
UST/USD,0.99972,0.99979,11-06-21 9:14:20
UST/USD,0.99971,0.99979,11-06-21 9:14:10
UST/USD,0.9997,0.99979,11-06-21 9:14:00
UST/USD,0.9997,0.99979,11-06-21 9:13:50
UST/USD,0.9997,0.99979,11-06-21 9:13:40
UST/USD,0.9997,0.99979,11-06-21 9:13:30
UST/USD,0.9997,0.99979,11-06-21 9:13:20
UST/USD,0.9997,0.99979,11-06-21 9:13:10
UST/USD,0.9997,0.99979,11-06-21 9:13:00
UST/USD,0.9997,0.99979,11-06-21 9:12:50
UST/USD,0.9997,0.99979,11-06-21 9:12:40
UST/USD,0.9997,0.99979,11-06-21 9:12:30
UST/USD,0.9997,0.99979,11-06-21 9:12:20
UST/USD,0.9997,0.99979,11-06-21 9:12:11
UST/USD,0.99971,0.99979,11-06-21 9:12:00
UST/USD,0.99971,0.99979,11-06-21 9:11:50
UST/USD,0.99971,0.99979,11-06-21 9:11:40
UST/USD,0.99972,0.99979,11-06-21 9:11:31
UST/USD,0.99973,0.99979,11-06-21 9:11:20
UST/USD,0.99972,0.99979,11-06-21 9:11:10
UST/USD,0.99972,0.99979,11-06-21 9:11:00
UST/USD,0.99972,0.99979,11-06-21 9:10:50
UST/USD,0.99972,0.99979,11-06-21 9:10:41
UST/USD,0.99972,0.99979,11-06-21 9:10:30
UST/USD,0.99972,0.99979,11-06-21 9:10:20
UST/USD,0.99972,0.99979,11-06-21 9:10:10
UST/USD,0.99972,0.99979,11-06-21 9:10:00
UST/USD,0.99972,0.99979,11-06-21 9:09:50
UST/USD,0.99972,0.99979,11-06-21 9:09:40
UST/USD,0.99972,0.99979,11-06-21 9:09:30
UST/USD,0.99971,0.99979,11-06-21 9:09:20
UST/USD,0.99972,0.99979,11-06-21 9:09:10
UST/USD,0.99975,0.99979,11-06-21 9:09:00
UST/USD,0.99971,0.99979,11-06-21 9:08:50
UST/USD,0.99971,0.99979,11-06-21 9:08:40
UST/USD,0.99971,0.99979,11-06-21 9:08:30
UST/USD,0.99971,0.99979,11-06-21 9:08:20
UST/USD,0.99971,0.99979,11-06-21 9:08:10
UST/USD,0.99971,0.99979,11-06-21 9:08:00
UST/USD,0.99971,0.99979,11-06-21 9:07:50
UST/USD,0.99971,0.99979,11-06-21 9:07:40
UST/USD,0.9997,0.99979,11-06-21 9:07:30
UST/USD,0.9997,0.99979,11-06-21 9:07:20
UST/USD,0.9997,0.99979,11-06-21 9:07:10
UST/USD,0.99971,0.99979,11-06-21 9:07:00
UST/USD,0.99972,0.99979,11-06-21 9:06:50
UST/USD,0.99973,0.99979,11-06-21 9:06:40
UST/USD,0.99973,0.9998,11-06-21 9:06:30
UST/USD,0.99973,0.9998,11-06-21 9:06:20
UST/USD,0.99973,0.9998,11-06-21 9:06:11
UST/USD,0.99973,0.9998,11-06-21 9:06:00
UST/USD,0.99973,0.9998,11-06-21 9:05:50
UST/USD,0.99973,0.9998,11-06-21 9:05:40
UST/USD,0.99973,0.9998,11-06-21 9:05:30
UST/USD,0.99973,0.99979,11-06-21 9:05:20
UST/USD,0.99973,0.99979,11-06-21 9:05:10
UST/USD,0.99978,0.99979,11-06-21 9:05:00
UST/USD,0.99973,0.99979,11-06-21 9:04:50
UST/USD,0.99971,0.99979,11-06-21 9:04:40
UST/USD,0.99978,0.99979,11-06-21 9:04:30
UST/USD,0.99973,0.99979,11-06-21 9:04:20
UST/USD,0.99979,0.9998,11-06-21 9:04:10
UST/USD,0.99979,0.9998,11-06-21 9:04:00
UST/USD,0.99979,0.9998,11-06-21 9:03:50
UST/USD,0.99979,0.9998,11-06-21 9:03:40
UST/USD,0.99979,0.9998,11-06-21 9:03:30
UST/USD,0.99979,0.9998,11-06-21 9:03:20
UST/USD,0.99979,0.9998,11-06-21 9:03:10
UST/USD,0.99979,0.9998,11-06-21 9:03:00
UST/USD,0.99976,0.9998,11-06-21 9:02:50
UST/USD,0.99976,0.9998,11-06-21 9:02:40
UST/USD,0.99976,0.99977,11-06-21 9:02:30
UST/USD,0.99976,0.99977,11-06-21 9:02:20
UST/USD,0.99976,0.99977,11-06-21 9:02:10
UST/USD,0.99976,0.99977,11-06-21 9:02:00
UST/USD,0.99976,0.99977,11-06-21 9:01:51
UST/USD,0.99976,0.99977,11-06-21 9:01:40
UST/USD,0.99976,0.99977,11-06-21 9:01:30
UST/USD,0.99976,0.99977,11-06-21 9:01:20
UST/USD,0.99976,0.99977,11-06-21 9:01:10
UST/USD,0.99976,0.99977,11-06-21 9:01:00
UST/USD,0.9997,0.99977,11-06-21 9:00:50
UST/USD,0.99975,0.99977,11-06-21 9:00:40
UST/USD,0.99975,0.99977,11-06-21 9:00:30
UST/USD,0.99974,0.99977,11-06-21 9:00:20
UST/USD,0.99974,0.99977,11-06-21 9:00:11
UST/USD,0.99976,0.99977,11-06-21 9:00:00
UST/USD,0.99973,0.99976,11-06-21 8:59:50
UST/USD,0.99973,0.99976,11-06-21 8:59:40
UST/USD,0.99973,0.99976,11-06-21 8:59:30
UST/USD,0.99973,0.99976,11-06-21 8:59:20
UST/USD,0.99973,0.99976,11-06-21 8:59:10
UST/USD,0.99973,0.99979,11-06-21 8:59:00
UST/USD,0.99973,0.99979,11-06-21 8:58:50
UST/USD,0.99973,0.99979,11-06-21 8:58:40
UST/USD,0.99973,0.99979,11-06-21 8:58:30
UST/USD,0.99973,0.99979,11-06-21 8:58:20
UST/USD,0.99973,0.99979,11-06-21 8:58:10
UST/USD,0.99973,0.99979,11-06-21 8:58:00
UST/USD,0.99973,0.99979,11-06-21 8:57:50
UST/USD,0.99972,0.99979,11-06-21 8:57:40
UST/USD,0.99975,0.99979,11-06-21 8:57:30
UST/USD,0.99974,0.99977,11-06-21 8:57:20
UST/USD,0.99975,0.99979,11-06-21 8:57:11
UST/USD,0.99974,0.99979,11-06-21 8:57:00
UST/USD,0.99975,0.99979,11-06-21 8:56:50
UST/USD,0.99974,0.99979,11-06-21 8:56:40
UST/USD,0.99971,0.99979,11-06-21 8:56:30
UST/USD,0.99971,0.99979,11-06-21 8:56:20
UST/USD,0.99971,0.99979,11-06-21 8:56:10
UST/USD,0.9997,0.99979,11-06-21 8:56:00
UST/USD,0.99976,0.99979,11-06-21 8:55:50
UST/USD,0.9997,0.99979,11-06-21 8:55:40
UST/USD,0.9997,0.99979,11-06-21 8:55:30
UST/USD,0.9997,0.99979,11-06-21 8:55:20
UST/USD,0.99974,0.9998,11-06-21 8:55:10
UST/USD,0.99974,0.9998,11-06-21 8:55:00
UST/USD,0.99974,0.9998,11-06-21 8:54:50
UST/USD,0.99974,0.9998,11-06-21 8:54:40
UST/USD,0.99974,0.9998,11-06-21 8:54:30
UST/USD,0.99974,0.9998,11-06-21 8:54:20
UST/USD,0.99978,0.9998,11-06-21 8:54:11
UST/USD,0.99978,0.9998,11-06-21 8:54:00
UST/USD,0.99978,0.9998,11-06-21 8:53:50
UST/USD,0.99978,0.9998,11-06-21 8:53:40
UST/USD,0.99978,0.9998,11-06-21 8:53:30
UST/USD,0.99978,0.9998,11-06-21 8:53:20
UST/USD,0.99978,0.9998,11-06-21 8:53:10
UST/USD,0.99978,0.9998,11-06-21 8:53:00
UST/USD,0.99978,0.9998,11-06-21 8:52:50
UST/USD,0.99978,0.9998,11-06-21 8:52:40
UST/USD,0.99978,0.9998,11-06-21 8:52:30
UST/USD,0.99978,0.9998,11-06-21 8:52:20
UST/USD,0.99978,0.9998,11-06-21 8:52:10
UST/USD,0.99978,0.9998,11-06-21 8:52:00
UST/USD,0.99978,0.9998,11-06-21 8:51:50
UST/USD,0.99978,0.9998,11-06-21 8:51:40
UST/USD,0.99978,0.9998,11-06-21 8:51:30
UST/USD,0.9998,0.99987,11-06-21 8:51:20
UST/USD,0.9998,0.99987,11-06-21 8:51:11
UST/USD,0.9998,0.99987,11-06-21 8:51:00
UST/USD,0.99978,0.99987,11-06-21 8:50:50
UST/USD,0.9998,0.99987,11-06-21 8:50:40
UST/USD,0.9998,0.99987,11-06-21 8:50:30
UST/USD,0.9998,0.99987,11-06-21 8:50:21
UST/USD,0.9998,0.99987,11-06-21 8:50:10
UST/USD,0.9998,0.99987,11-06-21 8:50:00
UST/USD,0.9998,0.99988,11-06-21 8:49:50
UST/USD,0.9998,0.99988,11-06-21 8:49:41
UST/USD,0.9998,0.99988,11-06-21 8:49:30
UST/USD,0.9998,0.99988,11-06-21 8:49:20
UST/USD,0.9998,0.99988,11-06-21 8:49:10
UST/USD,0.9998,0.99988,11-06-21 8:49:00
UST/USD,0.9998,0.99988,11-06-21 8:48:50
UST/USD,0.9998,0.99988,11-06-21 8:48:40
UST/USD,0.9998,0.99988,11-06-21 8:48:30
UST/USD,0.9998,0.99988,11-06-21 8:48:20
UST/USD,0.9998,0.99988,11-06-21 8:48:11
UST/USD,0.9998,0.99988,11-06-21 8:48:00
UST/USD,0.9998,0.99988,11-06-21 8:47:50
UST/USD,0.9998,0.99988,11-06-21 8:47:40
UST/USD,0.9998,0.99986,11-06-21 8:47:30
UST/USD,0.9998,0.99986,11-06-21 8:47:20
UST/USD,0.9998,0.99986,11-06-21 8:47:10
UST/USD,0.9998,0.99986,11-06-21 8:47:00
UST/USD,0.9998,0.99987,11-06-21 8:46:50
UST/USD,0.9998,0.99987,11-06-21 8:46:41
UST/USD,0.9998,0.99987,11-06-21 8:46:31
UST/USD,0.9998,0.99986,11-06-21 8:46:20
UST/USD,0.9998,0.99987,11-06-21 8:46:10
UST/USD,0.9998,0.99986,11-06-21 8:46:00
UST/USD,0.9998,0.99988,11-06-21 8:45:50
UST/USD,0.9998,0.99988,11-06-21 8:45:40
UST/USD,0.9998,0.99988,11-06-21 8:45:30
UST/USD,0.9998,0.99988,11-06-21 8:45:20
UST/USD,0.9998,0.99988,11-06-21 8:45:11
UST/USD,0.9998,0.99988,11-06-21 8:45:00
UST/USD,0.99984,0.99988,11-06-21 8:44:50
UST/USD,0.99982,0.99988,11-06-21 8:44:40
UST/USD,0.99986,0.99988,11-06-21 8:44:30
UST/USD,0.99984,0.99988,11-06-21 8:44:20
UST/USD,0.99982,0.99988,11-06-21 8:44:10
UST/USD,0.99982,0.99988,11-06-21 8:44:00
UST/USD,0.99981,0.99988,11-06-21 8:43:50
UST/USD,0.99981,0.99988,11-06-21 8:43:40
UST/USD,0.9998,0.99988,11-06-21 8:43:30
UST/USD,0.99984,0.9999,11-06-21 8:43:21
UST/USD,0.99984,0.99989,11-06-21 8:43:10
UST/USD,0.99984,0.99988,11-06-21 8:43:00
UST/USD,0.99984,0.99988,11-06-21 8:42:50
UST/USD,0.99984,0.99988,11-06-21 8:42:41
UST/USD,0.99984,0.99989,11-06-21 8:42:30
UST/USD,0.99984,0.99988,11-06-21 8:42:20
UST/USD,0.99984,0.99988,11-06-21 8:42:10
UST/USD,0.99984,0.99988,11-06-21 8:42:00
UST/USD,0.99984,0.99988,11-06-21 8:41:50
UST/USD,0.99984,0.99989,11-06-21 8:41:40
UST/USD,0.99984,0.99988,11-06-21 8:41:30
UST/USD,0.99984,0.99988,11-06-21 8:41:20
UST/USD,0.99984,0.99988,11-06-21 8:41:10
UST/USD,0.99984,0.99988,11-06-21 8:41:00
UST/USD,0.99983,0.99989,11-06-21 8:40:50
UST/USD,0.99983,0.99989,11-06-21 8:40:40
UST/USD,0.99984,0.9999,11-06-21 8:40:30
UST/USD,0.99984,0.9999,11-06-21 8:40:20
UST/USD,0.99984,0.99989,11-06-21 8:40:10
UST/USD,0.99984,0.99989,11-06-21 8:40:00
UST/USD,0.99984,0.99989,11-06-21 8:39:50
UST/USD,0.99984,0.99989,11-06-21 8:39:40
UST/USD,0.99983,0.99989,11-06-21 8:39:30
UST/USD,0.99983,0.99989,11-06-21 8:39:20
UST/USD,0.99983,0.99989,11-06-21 8:39:10
UST/USD,0.99986,0.9999,11-06-21 8:39:00
UST/USD,0.99985,0.9999,11-06-21 8:38:50
UST/USD,0.99989,0.9999,11-06-21 8:38:40
UST/USD,0.99984,0.9999,11-06-21 8:38:30
UST/USD,0.99984,0.9999,11-06-21 8:38:20
UST/USD,0.99984,0.9999,11-06-21 8:38:10
UST/USD,0.99984,0.9999,11-06-21 8:38:00
UST/USD,0.99984,0.9999,11-06-21 8:37:50
UST/USD,0.99984,0.9999,11-06-21 8:37:41
UST/USD,0.99984,0.9999,11-06-21 8:37:30
UST/USD,0.99984,0.99988,11-06-21 8:37:20
UST/USD,0.99984,0.9999,11-06-21 8:37:10
UST/USD,0.99984,0.9999,11-06-21 8:37:00
UST/USD,0.99984,0.9999,11-06-21 8:36:50
UST/USD,0.99984,0.9999,11-06-21 8:36:40
UST/USD,0.99984,0.9999,11-06-21 8:36:30
UST/USD,0.99984,0.99989,11-06-21 8:36:20
UST/USD,0.99984,0.9999,11-06-21 8:36:10
UST/USD,0.99984,0.9999,11-06-21 8:36:00
UST/USD,0.99984,0.9999,11-06-21 8:35:50
UST/USD,0.99985,0.9999,11-06-21 8:35:40
UST/USD,0.99984,0.9999,11-06-21 8:35:30
UST/USD,0.99984,0.9999,11-06-21 8:35:20
UST/USD,0.99984,0.9999,11-06-21 8:35:10
UST/USD,0.99983,0.99988,11-06-21 8:35:00
UST/USD,0.99987,0.99989,11-06-21 8:34:50
UST/USD,0.99987,0.99989,11-06-21 8:34:40
UST/USD,0.99986,0.99989,11-06-21 8:34:30
UST/USD,0.99984,0.99989,11-06-21 8:34:21
UST/USD,0.99984,0.99989,11-06-21 8:34:10
UST/USD,0.99984,0.99989,11-06-21 8:34:00
UST/USD,0.99987,0.99989,11-06-21 8:33:50
UST/USD,0.99986,0.99989,11-06-21 8:33:41
UST/USD,0.99984,0.99989,11-06-21 8:33:30
UST/USD,0.99984,0.99989,11-06-21 8:33:20
UST/USD,0.99984,0.99989,11-06-21 8:33:10
UST/USD,0.99984,0.99989,11-06-21 8:33:00
UST/USD,0.99984,0.99989,11-06-21 8:32:50
UST/USD,0.99987,0.99989,11-06-21 8:32:40
UST/USD,0.99984,0.99989,11-06-21 8:32:30
UST/USD,0.99983,0.99987,11-06-21 8:32:20
UST/USD,0.99983,0.99987,11-06-21 8:32:10
UST/USD,0.99983,0.99988,11-06-21 8:32:00
UST/USD,0.99983,0.99987,11-06-21 8:31:50
UST/USD,0.99987,0.99988,11-06-21 8:31:41
UST/USD,0.99987,0.99988,11-06-21 8:31:30
UST/USD,0.99987,0.99989,11-06-21 8:31:20
UST/USD,0.99987,0.99989,11-06-21 8:31:10
UST/USD,0.99984,0.99989,11-06-21 8:31:00
UST/USD,0.99983,0.99987,11-06-21 8:30:50
UST/USD,0.99983,0.99987,11-06-21 8:30:40
UST/USD,0.99983,0.99988,11-06-21 8:30:30
UST/USD,0.99983,0.99988,11-06-21 8:30:20
UST/USD,0.99983,0.99988,11-06-21 8:30:11
UST/USD,0.99983,0.99988,11-06-21 8:30:01
UST/USD,0.99986,0.99987,11-06-21 8:29:51
UST/USD,0.99986,0.99989,11-06-21 8:29:40
UST/USD,0.99984,0.99989,11-06-21 8:29:30
UST/USD,0.99984,0.99989,11-06-21 8:29:20
UST/USD,0.99984,0.99989,11-06-21 8:29:10
UST/USD,0.99988,0.99989,11-06-21 8:29:00
UST/USD,0.99986,0.99989,11-06-21 8:28:51
UST/USD,0.99986,0.99989,11-06-21 8:28:40
UST/USD,0.99988,0.99989,11-06-21 8:28:30
UST/USD,0.99988,0.99989,11-06-21 8:28:20
UST/USD,0.99984,0.99988,11-06-21 8:28:10
UST/USD,0.99984,0.99988,11-06-21 8:28:00
UST/USD,0.99984,0.99988,11-06-21 8:27:50
UST/USD,0.99984,0.99988,11-06-21 8:27:40
UST/USD,0.99984,0.99988,11-06-21 8:27:30
UST/USD,0.99984,0.99988,11-06-21 8:27:20
UST/USD,0.99984,0.99987,11-06-21 8:27:10
UST/USD,0.99984,0.99988,11-06-21 8:27:00
UST/USD,0.99984,0.99988,11-06-21 8:26:50
UST/USD,0.99984,0.99988,11-06-21 8:26:40
UST/USD,0.99984,0.99988,11-06-21 8:26:30
UST/USD,0.99984,0.99988,11-06-21 8:26:20
UST/USD,0.99984,0.99988,11-06-21 8:26:10
UST/USD,0.99984,0.99988,11-06-21 8:26:00
UST/USD,0.99984,0.99988,11-06-21 8:25:50
UST/USD,0.99984,0.99988,11-06-21 8:25:40
UST/USD,0.99984,0.99988,11-06-21 8:25:30
UST/USD,0.99984,0.99988,11-06-21 8:25:20
UST/USD,0.99984,0.99988,11-06-21 8:25:10
UST/USD,0.99984,0.99988,11-06-21 8:25:00
UST/USD,0.99984,0.99988,11-06-21 8:24:50
UST/USD,0.99984,0.99988,11-06-21 8:24:40
UST/USD,0.99984,0.99988,11-06-21 8:24:30
UST/USD,0.99984,0.99988,11-06-21 8:24:20
UST/USD,0.99984,0.99988,11-06-21 8:24:11
UST/USD,0.99984,0.99988,11-06-21 8:24:00
UST/USD,0.99984,0.99988,11-06-21 8:23:50
UST/USD,0.99984,0.99988,11-06-21 8:23:40
UST/USD,0.99984,0.99988,11-06-21 8:23:30
UST/USD,0.99984,0.99988,11-06-21 8:23:20
UST/USD,0.99984,0.99988,11-06-21 8:23:10
UST/USD,0.99984,0.99988,11-06-21 8:23:00
UST/USD,0.99984,0.99988,11-06-21 8:22:50
UST/USD,0.99984,0.99988,11-06-21 8:22:40
UST/USD,0.99984,0.99988,11-06-21 8:22:30
UST/USD,0.99984,0.99988,11-06-21 8:22:20
UST/USD,0.99984,0.99988,11-06-21 8:22:11
UST/USD,0.99984,0.99988,11-06-21 8:22:00
UST/USD,0.99987,0.99988,11-06-21 8:21:50
UST/USD,0.99984,0.99988,11-06-21 8:21:40
UST/USD,0.99984,0.99988,11-06-21 8:21:30
UST/USD,0.99986,0.99988,11-06-21 8:21:20
UST/USD,0.99986,0.99988,11-06-21 8:21:10
UST/USD,0.99986,0.99988,11-06-21 8:21:00
UST/USD,0.99986,0.99988,11-06-21 8:20:50
UST/USD,0.99985,0.99988,11-06-21 8:20:40
UST/USD,0.99984,0.99988,11-06-21 8:20:30
UST/USD,0.99984,0.99988,11-06-21 8:20:20
UST/USD,0.99984,0.99988,11-06-21 8:20:10
UST/USD,0.99984,0.99988,11-06-21 8:20:00
UST/USD,0.99984,0.99988,11-06-21 8:19:50
UST/USD,0.99983,0.99988,11-06-21 8:19:40
UST/USD,0.99983,0.99988,11-06-21 8:19:30
UST/USD,0.99983,0.99988,11-06-21 8:19:20
UST/USD,0.99984,0.99988,11-06-21 8:19:10
UST/USD,0.99984,0.99988,11-06-21 8:19:00
UST/USD,0.99984,0.99988,11-06-21 8:18:51
UST/USD,0.99984,0.99988,11-06-21 8:18:40
UST/USD,0.99984,0.99988,11-06-21 8:18:30
UST/USD,0.99984,0.99988,11-06-21 8:18:20
UST/USD,0.99984,0.99988,11-06-21 8:18:10
UST/USD,0.99984,0.99988,11-06-21 8:18:00
UST/USD,0.99984,0.99988,11-06-21 8:17:50
UST/USD,0.99984,0.99988,11-06-21 8:17:40
UST/USD,0.99984,0.99988,11-06-21 8:17:30
UST/USD,0.99984,0.99988,11-06-21 8:17:20
UST/USD,0.99984,0.99988,11-06-21 8:17:11
UST/USD,0.99984,0.99988,11-06-21 8:17:00
UST/USD,0.99984,0.99988,11-06-21 8:16:50
UST/USD,0.99984,0.99988,11-06-21 8:16:40
UST/USD,0.99984,0.99988,11-06-21 8:16:30
UST/USD,0.99984,0.99988,11-06-21 8:16:20
UST/USD,0.99984,0.99988,11-06-21 8:16:10
UST/USD,0.99984,0.99988,11-06-21 8:16:00
UST/USD,0.99984,0.99988,11-06-21 8:15:50
UST/USD,0.99984,0.99988,11-06-21 8:15:40
UST/USD,0.99984,0.99988,11-06-21 8:15:30
UST/USD,0.99984,0.99988,11-06-21 8:15:20
UST/USD,0.99984,0.99988,11-06-21 8:15:10
UST/USD,0.99984,0.99988,11-06-21 8:15:00
UST/USD,0.99984,0.99988,11-06-21 8:14:50
UST/USD,0.99984,0.99988,11-06-21 8:14:40
UST/USD,0.99984,0.99988,11-06-21 8:14:30
UST/USD,0.99984,0.99988,11-06-21 8:14:20
UST/USD,0.99984,0.99988,11-06-21 8:14:10
UST/USD,0.99984,0.99988,11-06-21 8:14:00
UST/USD,0.99984,0.99988,11-06-21 8:13:50
UST/USD,0.99984,0.99988,11-06-21 8:13:41
UST/USD,0.99984,0.99988,11-06-21 8:13:30
UST/USD,0.99984,0.99988,11-06-21 8:13:20
UST/USD,0.99984,0.99988,11-06-21 8:13:10
UST/USD,0.99984,0.99988,11-06-21 8:13:00
UST/USD,0.99984,0.99988,11-06-21 8:12:50
UST/USD,0.99984,0.99988,11-06-21 8:12:40
UST/USD,0.99984,0.99988,11-06-21 8:12:30
UST/USD,0.99984,0.99988,11-06-21 8:12:20
UST/USD,0.99984,0.99987,11-06-21 8:12:11
UST/USD,0.99983,0.99987,11-06-21 8:12:00
UST/USD,0.99983,0.99987,11-06-21 8:11:50
UST/USD,0.99983,0.99987,11-06-21 8:11:40
UST/USD,0.99983,0.99987,11-06-21 8:11:30
UST/USD,0.99983,0.99987,11-06-21 8:11:20
UST/USD,0.99983,0.99987,11-06-21 8:11:10
UST/USD,0.99983,0.99987,11-06-21 8:11:00
UST/USD,0.99983,0.99987,11-06-21 8:10:50
UST/USD,0.99983,0.99987,11-06-21 8:10:40
UST/USD,0.99983,0.99987,11-06-21 8:10:30
UST/USD,0.99983,0.99987,11-06-21 8:10:20
UST/USD,0.99983,0.99987,11-06-21 8:10:10
UST/USD,0.99983,0.99987,11-06-21 8:10:00
UST/USD,0.99983,0.99987,11-06-21 8:09:50
UST/USD,0.99983,0.99987,11-06-21 8:09:40
UST/USD,0.99983,0.99987,11-06-21 8:09:30
UST/USD,0.99983,0.99987,11-06-21 8:09:20
UST/USD,0.99983,0.99988,11-06-21 8:09:10
UST/USD,0.99983,0.99988,11-06-21 8:09:00
UST/USD,0.99984,0.99988,11-06-21 8:08:50
UST/USD,0.99984,0.99988,11-06-21 8:08:40
UST/USD,0.99984,0.99988,11-06-21 8:08:30
UST/USD,0.99984,0.99988,11-06-21 8:08:20
UST/USD,0.99984,0.99988,11-06-21 8:08:10
UST/USD,0.99984,0.99988,11-06-21 8:08:00
UST/USD,0.99984,0.99988,11-06-21 8:07:50
UST/USD,0.99984,0.99988,11-06-21 8:07:40
UST/USD,0.99983,0.99988,11-06-21 8:07:30
UST/USD,0.99983,0.99988,11-06-21 8:07:20
UST/USD,0.99983,0.99988,11-06-21 8:07:10
UST/USD,0.99983,0.99988,11-06-21 8:07:00
UST/USD,0.99987,0.99988,11-06-21 8:06:50
UST/USD,0.99987,0.99988,11-06-21 8:06:40
UST/USD,0.99983,0.99988,11-06-21 8:06:30
UST/USD,0.99983,0.99988,11-06-21 8:06:21
UST/USD,0.99983,0.99988,11-06-21 8:06:10
UST/USD,0.99983,0.99988,11-06-21 8:06:00
UST/USD,0.99986,0.99988,11-06-21 8:05:50
UST/USD,0.99983,0.99988,11-06-21 8:05:40
UST/USD,0.99987,0.99988,11-06-21 8:05:30
UST/USD,0.99987,0.99988,11-06-21 8:05:20
UST/USD,0.99987,0.99989,11-06-21 8:05:10
UST/USD,0.99987,0.99989,11-06-21 8:05:00
UST/USD,0.99987,0.99989,11-06-21 8:04:50
UST/USD,0.99987,0.99989,11-06-21 8:04:40
UST/USD,0.99987,0.99989,11-06-21 8:04:30
UST/USD,0.99987,0.99989,11-06-21 8:04:20
UST/USD,0.99988,0.99989,11-06-21 8:04:10
UST/USD,0.99987,0.99988,11-06-21 8:04:00
UST/USD,0.99987,0.99989,11-06-21 8:03:50
UST/USD,0.99987,0.99989,11-06-21 8:03:40
UST/USD,0.99987,0.99989,11-06-21 8:03:30
UST/USD,0.99987,0.99989,11-06-21 8:03:20
UST/USD,0.99987,0.99989,11-06-21 8:03:10
UST/USD,0.99987,0.99989,11-06-21 8:03:00
UST/USD,0.99987,0.99989,11-06-21 8:02:50
UST/USD,0.99987,0.99989,11-06-21 8:02:40
UST/USD,0.99987,0.99989,11-06-21 8:02:30
UST/USD,0.99988,0.9999,11-06-21 8:02:20
UST/USD,0.99986,0.9999,11-06-21 8:02:10
UST/USD,0.99984,0.9999,11-06-21 8:02:00
UST/USD,0.99982,0.99989,11-06-21 8:01:50
UST/USD,0.99981,0.99989,11-06-21 8:01:41
UST/USD,0.99981,0.99989,11-06-21 8:01:30
UST/USD,0.99981,0.99992,11-06-21 8:01:20
UST/USD,0.99981,0.99992,11-06-21 8:01:10
UST/USD,0.99981,0.99992,11-06-21 8:01:00
UST/USD,0.99981,0.99992,11-06-21 8:00:51
UST/USD,0.99981,0.99992,11-06-21 8:00:40
UST/USD,0.9998,0.99992,11-06-21 8:00:30
UST/USD,0.99982,0.99993,11-06-21 8:00:20
UST/USD,0.9999,0.99992,11-06-21 8:00:10
UST/USD,0.9999,0.99992,11-06-21 8:00:00
UST/USD,0.9999,0.99992,11-06-21 7:59:50
UST/USD,0.99991,0.99992,11-06-21 7:59:40
UST/USD,0.99991,0.99992,11-06-21 7:59:30
UST/USD,0.99991,0.99992,11-06-21 7:59:20
UST/USD,0.99991,0.99992,11-06-21 7:59:10
UST/USD,0.9999,0.99992,11-06-21 7:59:00
UST/USD,0.9999,0.99991,11-06-21 7:58:50
UST/USD,0.9999,0.99992,11-06-21 7:58:40
UST/USD,0.9999,0.99992,11-06-21 7:58:30
UST/USD,0.9999,0.99992,11-06-21 7:58:20
UST/USD,0.9999,0.99992,11-06-21 7:58:10
UST/USD,0.99991,0.99992,11-06-21 7:58:00
UST/USD,0.99991,0.99992,11-06-21 7:57:50
UST/USD,0.9999,0.99992,11-06-21 7:57:40
UST/USD,0.99991,0.99992,11-06-21 7:57:30
UST/USD,0.9999,0.99992,11-06-21 7:57:20
UST/USD,0.99991,0.99992,11-06-21 7:57:10
UST/USD,0.99991,0.99992,11-06-21 7:57:00
UST/USD,0.99991,0.99992,11-06-21 7:56:50
UST/USD,0.99991,0.99992,11-06-21 7:56:40
UST/USD,0.99991,0.99992,11-06-21 7:56:30
UST/USD,0.99991,0.99992,11-06-21 7:56:20
UST/USD,0.99991,0.99992,11-06-21 7:56:10
UST/USD,0.99991,0.99992,11-06-21 7:56:00
UST/USD,0.9999,0.99992,11-06-21 7:55:50
UST/USD,0.9998,0.99992,11-06-21 7:55:40
UST/USD,0.9998,0.99992,11-06-21 7:55:30
UST/USD,0.99988,0.99992,11-06-21 7:55:20
UST/USD,0.99988,0.99992,11-06-21 7:55:10
UST/USD,0.99982,0.99992,11-06-21 7:55:00
UST/USD,0.9999,0.99992,11-06-21 7:54:50
UST/USD,0.9999,0.99992,11-06-21 7:54:40
UST/USD,0.99981,0.9999,11-06-21 7:54:30
UST/USD,0.9999,0.99991,11-06-21 7:54:20
UST/USD,0.99981,0.99989,11-06-21 7:54:10
UST/USD,0.99981,0.99989,11-06-21 7:54:00
UST/USD,0.99981,0.99989,11-06-21 7:53:50
UST/USD,0.99981,0.99989,11-06-21 7:53:40
UST/USD,0.99986,0.99989,11-06-21 7:53:30
UST/USD,0.99981,0.99988,11-06-21 7:53:20
UST/USD,0.99981,0.99989,11-06-21 7:53:11
UST/USD,0.99981,0.99989,11-06-21 7:53:00
UST/USD,0.99981,0.99988,11-06-21 7:52:50
UST/USD,0.99981,0.99989,11-06-21 7:52:40
UST/USD,0.99981,0.99988,11-06-21 7:52:30
UST/USD,0.9998,0.99988,11-06-21 7:52:20
UST/USD,0.9998,0.99989,11-06-21 7:52:10
UST/USD,0.9998,0.99984,11-06-21 7:52:00
UST/USD,0.9998,0.99989,11-06-21 7:51:50
UST/USD,0.9998,0.99985,11-06-21 7:51:40
UST/USD,0.99981,0.99989,11-06-21 7:51:30
UST/USD,0.99983,0.99986,11-06-21 7:51:20
UST/USD,0.99983,0.99992,11-06-21 7:51:10
UST/USD,0.99983,0.99992,11-06-21 7:51:00
UST/USD,0.99983,0.99992,11-06-21 7:50:50
UST/USD,0.99982,0.99987,11-06-21 7:50:40
UST/USD,0.9999,0.99993,11-06-21 7:50:30
UST/USD,0.9999,0.99993,11-06-21 7:50:20
UST/USD,0.9999,0.99993,11-06-21 7:50:11
UST/USD,0.9999,0.99993,11-06-21 7:50:00
UST/USD,0.9999,0.99993,11-06-21 7:49:50
UST/USD,0.9999,0.99993,11-06-21 7:49:40
UST/USD,0.9999,0.99993,11-06-21 7:49:30
UST/USD,0.9999,0.99993,11-06-21 7:49:20
UST/USD,0.9999,0.99993,11-06-21 7:49:10
UST/USD,0.9999,0.99993,11-06-21 7:49:00
UST/USD,0.9999,0.99993,11-06-21 7:48:50
UST/USD,0.9999,0.99993,11-06-21 7:48:40
UST/USD,0.9999,0.99991,11-06-21 7:48:30
UST/USD,0.9999,0.99993,11-06-21 7:48:20
UST/USD,0.9999,0.99993,11-06-21 7:48:10
UST/USD,0.9999,0.99993,11-06-21 7:48:00
UST/USD,0.9999,0.99993,11-06-21 7:47:50
UST/USD,0.9999,0.99993,11-06-21 7:47:40
UST/USD,0.9999,0.99993,11-06-21 7:47:30
UST/USD,0.9999,0.99991,11-06-21 7:47:20
UST/USD,0.9999,0.99993,11-06-21 7:47:10
UST/USD,0.99992,0.99993,11-06-21 7:47:00
UST/USD,0.99992,0.99993,11-06-21 7:46:51
UST/USD,0.99992,0.99993,11-06-21 7:46:40
UST/USD,0.99992,0.99993,11-06-21 7:46:30
UST/USD,0.9999,0.99993,11-06-21 7:46:20
UST/USD,0.9999,0.99993,11-06-21 7:46:10
UST/USD,0.9999,0.99993,11-06-21 7:46:00
UST/USD,0.9999,0.99993,11-06-21 7:45:50
UST/USD,0.9999,0.99993,11-06-21 7:45:40
UST/USD,0.9999,0.99993,11-06-21 7:45:30
UST/USD,0.9999,0.99993,11-06-21 7:45:20
UST/USD,0.9999,0.99991,11-06-21 7:45:11
UST/USD,0.9999,0.99991,11-06-21 7:45:00
UST/USD,0.9999,0.99992,11-06-21 7:44:50
UST/USD,0.9999,0.99992,11-06-21 7:44:40
UST/USD,0.9999,0.99992,11-06-21 7:44:30
UST/USD,0.9999,0.99992,11-06-21 7:44:20
UST/USD,0.9999,0.99992,11-06-21 7:44:10
UST/USD,0.9999,0.99992,11-06-21 7:44:00
UST/USD,0.9999,0.99992,11-06-21 7:43:50
UST/USD,0.9999,0.99992,11-06-21 7:43:40
UST/USD,0.9999,0.99992,11-06-21 7:43:30
UST/USD,0.9999,0.99992,11-06-21 7:43:20
UST/USD,0.9999,0.99992,11-06-21 7:43:10
UST/USD,0.9999,0.99992,11-06-21 7:43:00
UST/USD,0.9999,0.99992,11-06-21 7:42:50
UST/USD,0.9999,0.99992,11-06-21 7:42:40
UST/USD,0.9999,0.99992,11-06-21 7:42:30
UST/USD,0.9999,0.99992,11-06-21 7:42:20
UST/USD,0.9999,0.99992,11-06-21 7:42:11
UST/USD,0.9999,0.99992,11-06-21 7:42:00
UST/USD,0.9999,0.99992,11-06-21 7:41:50
UST/USD,0.9999,0.99992,11-06-21 7:41:40
UST/USD,0.9999,0.99992,11-06-21 7:41:30
UST/USD,0.9999,0.99992,11-06-21 7:41:20
UST/USD,0.9999,0.99992,11-06-21 7:41:11
UST/USD,0.9999,0.99992,11-06-21 7:41:00
UST/USD,0.9999,0.99992,11-06-21 7:40:50
UST/USD,0.9999,0.99992,11-06-21 7:40:41
UST/USD,0.9999,0.99992,11-06-21 7:40:30
UST/USD,0.9999,0.99992,11-06-21 7:40:20
UST/USD,0.9999,0.99992,11-06-21 7:40:10
UST/USD,0.9999,0.99992,11-06-21 7:40:00
UST/USD,0.9999,0.99992,11-06-21 7:39:50
UST/USD,0.9999,0.99992,11-06-21 7:39:40
UST/USD,0.9999,0.99992,11-06-21 7:39:30
UST/USD,0.9999,0.99992,11-06-21 7:39:20
UST/USD,0.9999,0.99992,11-06-21 7:39:10
UST/USD,0.9999,0.99992,11-06-21 7:39:00
UST/USD,0.9999,0.99992,11-06-21 7:38:50
UST/USD,0.99989,0.99992,11-06-21 7:38:40
UST/USD,0.99988,0.99992,11-06-21 7:38:30
UST/USD,0.99988,0.99992,11-06-21 7:38:20
UST/USD,0.99988,0.99992,11-06-21 7:38:10
UST/USD,0.99988,0.99992,11-06-21 7:38:00
UST/USD,0.99988,0.99992,11-06-21 7:37:50
UST/USD,0.99988,0.99992,11-06-21 7:37:40
UST/USD,0.99988,0.99992,11-06-21 7:37:30
UST/USD,0.99988,0.99992,11-06-21 7:37:21
UST/USD,0.99988,0.99992,11-06-21 7:37:10
UST/USD,0.99988,0.99992,11-06-21 7:37:00
UST/USD,0.99988,0.99992,11-06-21 7:36:50
UST/USD,0.99988,0.99992,11-06-21 7:36:40
UST/USD,0.99988,0.99992,11-06-21 7:36:30
UST/USD,0.9999,0.99992,11-06-21 7:36:20
UST/USD,0.99988,0.99992,11-06-21 7:36:11
UST/USD,0.99986,0.99992,11-06-21 7:36:00
UST/USD,0.99984,0.99992,11-06-21 7:35:50
UST/USD,0.99984,0.99992,11-06-21 7:35:40
UST/USD,0.99983,0.99992,11-06-21 7:35:30
UST/USD,0.99982,0.99992,11-06-21 7:35:20
UST/USD,0.99982,0.99992,11-06-21 7:35:10
UST/USD,0.99982,0.99992,11-06-21 7:35:00
UST/USD,0.99982,0.99992,11-06-21 7:34:50
UST/USD,0.9999,0.99991,11-06-21 7:34:41
UST/USD,0.9999,0.99991,11-06-21 7:34:30
UST/USD,0.9999,0.99991,11-06-21 7:34:20
UST/USD,0.9999,0.99991,11-06-21 7:34:10
UST/USD,0.9999,0.99991,11-06-21 7:34:00
UST/USD,0.9999,0.99991,11-06-21 7:33:50
UST/USD,0.9999,0.99991,11-06-21 7:33:40
UST/USD,0.9999,0.99991,11-06-21 7:33:30
UST/USD,0.9999,0.99992,11-06-21 7:33:20
UST/USD,0.9999,0.99992,11-06-21 7:33:10
UST/USD,0.99982,0.99991,11-06-21 7:33:00
UST/USD,0.9999,0.99991,11-06-21 7:32:50
UST/USD,0.9999,0.99991,11-06-21 7:32:40
UST/USD,0.9999,0.99991,11-06-21 7:32:30
UST/USD,0.9999,0.99991,11-06-21 7:32:20
UST/USD,0.9999,0.99991,11-06-21 7:32:11
UST/USD,0.9999,0.99991,11-06-21 7:32:00
UST/USD,0.99989,0.9999,11-06-21 7:31:50
UST/USD,0.99989,0.9999,11-06-21 7:31:41
UST/USD,0.99989,0.9999,11-06-21 7:31:30
UST/USD,0.99988,0.9999,11-06-21 7:31:20
UST/USD,0.99988,0.9999,11-06-21 7:31:10
UST/USD,0.99988,0.9999,11-06-21 7:31:00
UST/USD,0.99988,0.9999,11-06-21 7:30:50
UST/USD,0.99988,0.9999,11-06-21 7:30:40
UST/USD,0.99988,0.9999,11-06-21 7:30:30
UST/USD,0.99988,0.9999,11-06-21 7:30:20
UST/USD,0.99988,0.9999,11-06-21 7:30:10
UST/USD,0.99988,0.9999,11-06-21 7:30:00
UST/USD,0.99988,0.9999,11-06-21 7:29:50
UST/USD,0.99988,0.9999,11-06-21 7:29:40
UST/USD,0.99988,0.9999,11-06-21 7:29:30
UST/USD,0.99988,0.9999,11-06-21 7:29:20
UST/USD,0.99988,0.9999,11-06-21 7:29:10
UST/USD,0.99988,0.9999,11-06-21 7:29:00
UST/USD,0.99988,0.9999,11-06-21 7:28:50
UST/USD,0.99988,0.9999,11-06-21 7:28:40
UST/USD,0.99988,0.9999,11-06-21 7:28:30
UST/USD,0.99988,0.9999,11-06-21 7:28:21
UST/USD,0.99988,0.9999,11-06-21 7:28:10
UST/USD,0.99988,0.9999,11-06-21 7:28:00
UST/USD,0.99988,0.9999,11-06-21 7:27:50
UST/USD,0.99988,0.9999,11-06-21 7:27:40
UST/USD,0.99988,0.9999,11-06-21 7:27:30
UST/USD,0.99988,0.9999,11-06-21 7:27:20
UST/USD,0.99988,0.9999,11-06-21 7:27:11
UST/USD,0.99988,0.9999,11-06-21 7:27:00
UST/USD,0.99988,0.9999,11-06-21 7:26:50
UST/USD,0.99988,0.9999,11-06-21 7:26:40
UST/USD,0.99988,0.9999,11-06-21 7:26:30
UST/USD,0.99988,0.9999,11-06-21 7:26:20
UST/USD,0.99988,0.9999,11-06-21 7:26:10
UST/USD,0.99988,0.9999,11-06-21 7:26:00
UST/USD,0.99988,0.9999,11-06-21 7:25:51
UST/USD,0.99988,0.9999,11-06-21 7:25:40
UST/USD,0.99988,0.9999,11-06-21 7:25:30
UST/USD,0.99988,0.9999,11-06-21 7:25:20
UST/USD,0.99988,0.9999,11-06-21 7:25:10
UST/USD,0.99988,0.9999,11-06-21 7:25:00
UST/USD,0.99988,0.9999,11-06-21 7:24:50
UST/USD,0.99988,0.9999,11-06-21 7:24:40
UST/USD,0.99988,0.9999,11-06-21 7:24:30
UST/USD,0.99988,0.9999,11-06-21 7:24:20
UST/USD,0.99988,0.9999,11-06-21 7:24:10
UST/USD,0.99988,0.9999,11-06-21 7:24:00
UST/USD,0.99988,0.9999,11-06-21 7:23:50
UST/USD,0.99988,0.9999,11-06-21 7:23:40
UST/USD,0.99988,0.9999,11-06-21 7:23:30
UST/USD,0.99988,0.9999,11-06-21 7:23:20
UST/USD,0.99988,0.9999,11-06-21 7:23:10
UST/USD,0.99988,0.9999,11-06-21 7:23:00
UST/USD,0.99988,0.9999,11-06-21 7:22:50
UST/USD,0.99988,0.9999,11-06-21 7:22:40
UST/USD,0.99988,0.9999,11-06-21 7:22:30
UST/USD,0.99988,0.9999,11-06-21 7:22:20
UST/USD,0.99988,0.9999,11-06-21 7:22:10
UST/USD,0.99988,0.9999,11-06-21 7:22:00
UST/USD,0.99988,0.9999,11-06-21 7:21:50
UST/USD,0.99988,0.9999,11-06-21 7:21:40
UST/USD,0.99988,0.9999,11-06-21 7:21:30
UST/USD,0.99988,0.9999,11-06-21 7:21:20
UST/USD,0.99988,0.9999,11-06-21 7:21:11
UST/USD,0.99988,0.9999,11-06-21 7:21:00
UST/USD,0.99988,0.9999,11-06-21 7:20:50
UST/USD,0.99988,0.9999,11-06-21 7:20:40
UST/USD,0.99988,0.9999,11-06-21 7:20:30
UST/USD,0.99988,0.9999,11-06-21 7:20:20
UST/USD,0.99988,0.9999,11-06-21 7:20:10
UST/USD,0.99988,0.9999,11-06-21 7:20:00
UST/USD,0.99988,0.9999,11-06-21 7:19:50
UST/USD,0.99988,0.9999,11-06-21 7:19:41
UST/USD,0.99988,0.9999,11-06-21 7:19:30
UST/USD,0.99988,0.9999,11-06-21 7:19:20
UST/USD,0.99988,0.9999,11-06-21 7:19:10
UST/USD,0.99988,0.9999,11-06-21 7:19:00
UST/USD,0.99988,0.9999,11-06-21 7:18:50
UST/USD,0.99988,0.9999,11-06-21 7:18:40
UST/USD,0.99988,0.9999,11-06-21 7:18:30
UST/USD,0.99988,0.9999,11-06-21 7:18:21
UST/USD,0.99988,0.9999,11-06-21 7:18:10
UST/USD,0.99988,0.9999,11-06-21 7:18:00
UST/USD,0.99988,0.9999,11-06-21 7:17:50
UST/USD,0.99988,0.9999,11-06-21 7:17:40
UST/USD,0.99988,0.9999,11-06-21 7:17:30
UST/USD,0.99988,0.9999,11-06-21 7:17:20
UST/USD,0.99988,0.9999,11-06-21 7:17:10
UST/USD,0.99988,0.9999,11-06-21 7:17:00
UST/USD,0.99988,0.9999,11-06-21 7:16:50
UST/USD,0.99988,0.9999,11-06-21 7:16:40
UST/USD,0.99988,0.9999,11-06-21 7:16:30
UST/USD,0.99988,0.9999,11-06-21 7:16:20
UST/USD,0.99988,0.9999,11-06-21 7:16:10
UST/USD,0.99988,0.9999,11-06-21 7:16:00
UST/USD,0.99988,0.9999,11-06-21 7:15:50
UST/USD,0.99988,0.9999,11-06-21 7:15:40
UST/USD,0.99988,0.9999,11-06-21 7:15:30
UST/USD,0.99988,0.9999,11-06-21 7:15:20
UST/USD,0.99988,0.9999,11-06-21 7:15:10
UST/USD,0.99988,0.9999,11-06-21 7:15:00
UST/USD,0.99988,0.9999,11-06-21 7:14:50
UST/USD,0.99988,0.9999,11-06-21 7:14:40
UST/USD,0.99988,0.9999,11-06-21 7:14:30
UST/USD,0.99988,0.9999,11-06-21 7:14:20
UST/USD,0.99988,0.9999,11-06-21 7:14:10
UST/USD,0.99988,0.9999,11-06-21 7:14:00
UST/USD,0.99988,0.9999,11-06-21 7:13:50
UST/USD,0.99988,0.9999,11-06-21 7:13:40
UST/USD,0.99988,0.9999,11-06-21 7:13:30
UST/USD,0.99988,0.9999,11-06-21 7:13:20
UST/USD,0.99988,0.9999,11-06-21 7:13:10
UST/USD,0.99988,0.9999,11-06-21 7:13:00
UST/USD,0.99988,0.9999,11-06-21 7:12:50
UST/USD,0.99988,0.9999,11-06-21 7:12:40
UST/USD,0.99988,0.9999,11-06-21 7:12:30
UST/USD,0.99988,0.9999,11-06-21 7:12:20
UST/USD,0.99988,0.9999,11-06-21 7:12:10
UST/USD,0.99988,0.9999,11-06-21 7:12:00
UST/USD,0.99988,0.9999,11-06-21 7:11:50
UST/USD,0.99988,0.9999,11-06-21 7:11:40
UST/USD,0.99988,0.9999,11-06-21 7:11:30
UST/USD,0.99988,0.9999,11-06-21 7:11:20
UST/USD,0.99988,0.9999,11-06-21 7:11:10
UST/USD,0.99988,0.9999,11-06-21 7:11:00
UST/USD,0.99988,0.9999,11-06-21 7:10:50
UST/USD,0.99988,0.9999,11-06-21 7:10:40
UST/USD,0.99988,0.9999,11-06-21 7:10:30
UST/USD,0.99988,0.9999,11-06-21 7:10:20
UST/USD,0.99988,0.9999,11-06-21 7:10:10
UST/USD,0.99988,0.9999,11-06-21 7:10:00
UST/USD,0.99988,0.9999,11-06-21 7:09:50
UST/USD,0.99988,0.9999,11-06-21 7:09:40
UST/USD,0.99988,0.9999,11-06-21 7:09:30
UST/USD,0.99988,0.9999,11-06-21 7:09:20
UST/USD,0.99988,0.99989,11-06-21 7:09:10
UST/USD,0.99988,0.99989,11-06-21 7:09:00
UST/USD,0.99988,0.99989,11-06-21 7:08:50
UST/USD,0.99988,0.99989,11-06-21 7:08:40
UST/USD,0.99988,0.99989,11-06-21 7:08:30
UST/USD,0.99988,0.99989,11-06-21 7:08:20
UST/USD,0.99988,0.99989,11-06-21 7:08:10
UST/USD,0.99988,0.99989,11-06-21 7:08:00
UST/USD,0.99988,0.99989,11-06-21 7:07:50
UST/USD,0.99988,0.99989,11-06-21 7:07:40
UST/USD,0.99988,0.99989,11-06-21 7:07:30
UST/USD,0.99988,0.99989,11-06-21 7:07:20
UST/USD,0.99988,0.99989,11-06-21 7:07:10
UST/USD,0.99988,0.99989,11-06-21 7:07:00
UST/USD,0.99988,0.99989,11-06-21 7:06:50
UST/USD,0.99988,0.99989,11-06-21 7:06:40
UST/USD,0.99988,0.99989,11-06-21 7:06:30
UST/USD,0.99988,0.99989,11-06-21 7:06:20
UST/USD,0.99988,0.99989,11-06-21 7:06:10
UST/USD,0.99987,0.99989,11-06-21 7:06:00
UST/USD,0.99987,0.99989,11-06-21 7:05:50
UST/USD,0.99983,0.99989,11-06-21 7:05:40
UST/USD,0.99988,0.99989,11-06-21 7:05:30
UST/USD,0.99987,0.99989,11-06-21 7:05:20
UST/USD,0.99981,0.99988,11-06-21 7:05:10
UST/USD,0.99981,0.99988,11-06-21 7:05:00
UST/USD,0.99981,0.99988,11-06-21 7:04:50
UST/USD,0.9998,0.99988,11-06-21 7:04:40
UST/USD,0.99988,0.99989,11-06-21 7:04:30
UST/USD,0.99988,0.99989,11-06-21 7:04:20
UST/USD,0.99988,0.99989,11-06-21 7:04:10
UST/USD,0.99988,0.99989,11-06-21 7:04:00
UST/USD,0.99988,0.99989,11-06-21 7:03:50
UST/USD,0.99988,0.9999,11-06-21 7:03:40
UST/USD,0.99988,0.9999,11-06-21 7:03:30
UST/USD,0.99988,0.9999,11-06-21 7:03:20
UST/USD,0.99988,0.9999,11-06-21 7:03:11
UST/USD,0.99988,0.9999,11-06-21 7:03:00
UST/USD,0.99988,0.9999,11-06-21 7:02:50
UST/USD,0.99988,0.9999,11-06-21 7:02:40
UST/USD,0.99988,0.9999,11-06-21 7:02:30
UST/USD,0.99988,0.9999,11-06-21 7:02:20
UST/USD,0.99988,0.9999,11-06-21 7:02:10
UST/USD,0.99988,0.9999,11-06-21 7:02:00
UST/USD,0.99987,0.9999,11-06-21 7:01:50
UST/USD,0.99985,0.9999,11-06-21 7:01:41
UST/USD,0.99983,0.9999,11-06-21 7:01:30
UST/USD,0.99988,0.99989,11-06-21 7:01:20
UST/USD,0.99988,0.99989,11-06-21 7:01:10
UST/USD,0.99988,0.99989,11-06-21 7:01:00
UST/USD,0.99988,0.99989,11-06-21 7:00:50
UST/USD,0.99986,0.99989,11-06-21 7:00:40
UST/USD,0.99985,0.99989,11-06-21 7:00:30
UST/USD,0.99987,0.99989,11-06-21 7:00:20
UST/USD,0.99981,0.99989,11-06-21 7:00:11
UST/USD,0.99988,0.9999,11-06-21 7:00:00
UST/USD,0.99988,0.9999,11-06-21 6:59:50
UST/USD,0.99988,0.9999,11-06-21 6:59:40
UST/USD,0.99988,0.9999,11-06-21 6:59:30
UST/USD,0.99988,0.9999,11-06-21 6:59:20
UST/USD,0.99988,0.9999,11-06-21 6:59:11
UST/USD,0.99988,0.9999,11-06-21 6:59:00
UST/USD,0.99988,0.9999,11-06-21 6:58:50
UST/USD,0.99988,0.9999,11-06-21 6:58:41
UST/USD,0.99988,0.9999,11-06-21 6:58:30
UST/USD,0.99988,0.9999,11-06-21 6:58:20
UST/USD,0.99988,0.9999,11-06-21 6:58:10
UST/USD,0.99988,0.9999,11-06-21 6:58:00
UST/USD,0.99988,0.99989,11-06-21 6:57:50
UST/USD,0.99987,0.99989,11-06-21 6:57:40
UST/USD,0.99987,0.99989,11-06-21 6:57:30
UST/USD,0.99987,0.99989,11-06-21 6:57:20
UST/USD,0.99987,0.99988,11-06-21 6:57:11
UST/USD,0.99987,0.99988,11-06-21 6:57:00
UST/USD,0.99987,0.99988,11-06-21 6:56:50
UST/USD,0.99987,0.99988,11-06-21 6:56:40
UST/USD,0.99987,0.99988,11-06-21 6:56:30
UST/USD,0.99987,0.99988,11-06-21 6:56:20
UST/USD,0.99987,0.99988,11-06-21 6:56:10
UST/USD,0.99987,0.99988,11-06-21 6:56:00
UST/USD,0.99987,0.99988,11-06-21 6:55:50
UST/USD,0.99985,0.99988,11-06-21 6:55:41
UST/USD,0.99982,0.99988,11-06-21 6:55:30
UST/USD,0.99987,0.99988,11-06-21 6:55:20
UST/USD,0.99987,0.99988,11-06-21 6:55:10
UST/USD,0.99984,0.99988,11-06-21 6:55:00
UST/USD,0.99981,0.99988,11-06-21 6:54:50
UST/USD,0.99986,0.99989,11-06-21 6:54:40
UST/USD,0.99986,0.99987,11-06-21 6:54:30
UST/USD,0.99986,0.99987,11-06-21 6:54:20
UST/USD,0.99986,0.99987,11-06-21 6:54:10
UST/USD,0.99986,0.99987,11-06-21 6:54:00
UST/USD,0.99986,0.99987,11-06-21 6:53:50
UST/USD,0.99986,0.99987,11-06-21 6:53:40
UST/USD,0.99986,0.99987,11-06-21 6:53:30
UST/USD,0.99986,0.99987,11-06-21 6:53:20
UST/USD,0.99986,0.99987,11-06-21 6:53:10
UST/USD,0.99986,0.99987,11-06-21 6:53:00
UST/USD,0.99986,0.99987,11-06-21 6:52:50
UST/USD,0.99986,0.99987,11-06-21 6:52:40
UST/USD,0.99986,0.99987,11-06-21 6:52:30
UST/USD,0.99986,0.99987,11-06-21 6:52:20
UST/USD,0.99986,0.99987,11-06-21 6:52:10
UST/USD,0.99986,0.99987,11-06-21 6:52:00
UST/USD,0.99986,0.99987,11-06-21 6:51:50
UST/USD,0.99986,0.99987,11-06-21 6:51:40
UST/USD,0.99986,0.99987,11-06-21 6:51:30
UST/USD,0.99986,0.99987,11-06-21 6:51:20
UST/USD,0.99986,0.99987,11-06-21 6:51:10
UST/USD,0.99986,0.99987,11-06-21 6:51:00
UST/USD,0.99986,0.99987,11-06-21 6:50:50
UST/USD,0.99986,0.99987,11-06-21 6:50:40
UST/USD,0.99986,0.99987,11-06-21 6:50:30
UST/USD,0.99984,0.99987,11-06-21 6:50:20
UST/USD,0.99984,0.99987,11-06-21 6:50:10
UST/USD,0.99984,0.99987,11-06-21 6:50:00
UST/USD,0.99982,0.9999,11-06-21 6:49:50
UST/USD,0.99982,0.9999,11-06-21 6:49:40
UST/USD,0.99981,0.99989,11-06-21 6:49:30
UST/USD,0.99981,0.99989,11-06-21 6:49:20
UST/USD,0.99981,0.99989,11-06-21 6:49:10
UST/USD,0.99981,0.99989,11-06-21 6:49:00
UST/USD,0.99981,0.99989,11-06-21 6:48:50
UST/USD,0.99981,0.99989,11-06-21 6:48:40
UST/USD,0.9998,0.99989,11-06-21 6:48:30
UST/USD,0.99988,0.9999,11-06-21 6:48:20
UST/USD,0.99988,0.9999,11-06-21 6:48:10
UST/USD,0.99988,0.9999,11-06-21 6:48:00
UST/USD,0.99988,0.9999,11-06-21 6:47:50
UST/USD,0.99988,0.9999,11-06-21 6:47:40
UST/USD,0.99988,0.9999,11-06-21 6:47:30
UST/USD,0.99988,0.9999,11-06-21 6:47:20
UST/USD,0.99988,0.9999,11-06-21 6:47:10
UST/USD,0.99988,0.9999,11-06-21 6:47:00
UST/USD,0.99988,0.9999,11-06-21 6:46:50
UST/USD,0.99988,0.9999,11-06-21 6:46:40
UST/USD,0.99988,0.9999,11-06-21 6:46:30
UST/USD,0.99988,0.9999,11-06-21 6:46:20
UST/USD,0.99988,0.9999,11-06-21 6:46:10
UST/USD,0.99986,0.9999,11-06-21 6:46:00
UST/USD,0.99986,0.9999,11-06-21 6:45:50
UST/USD,0.99982,0.9999,11-06-21 6:45:40
UST/USD,0.99981,0.99988,11-06-21 6:45:30
UST/USD,0.99981,0.99989,11-06-21 6:45:20
UST/USD,0.99981,0.99989,11-06-21 6:45:10
UST/USD,0.99981,0.99989,11-06-21 6:45:00
UST/USD,0.9998,0.99989,11-06-21 6:44:50
UST/USD,0.99987,0.99989,11-06-21 6:44:40
UST/USD,0.99987,0.99989,11-06-21 6:44:30
UST/USD,0.99981,0.99989,11-06-21 6:44:20
UST/USD,0.99981,0.99989,11-06-21 6:44:10
UST/USD,0.99981,0.99989,11-06-21 6:44:00
UST/USD,0.99981,0.99989,11-06-21 6:43:50
UST/USD,0.99981,0.99989,11-06-21 6:43:40
UST/USD,0.99981,0.99989,11-06-21 6:43:30
UST/USD,0.99981,0.99989,11-06-21 6:43:20
UST/USD,0.99981,0.99989,11-06-21 6:43:10
UST/USD,0.99981,0.99989,11-06-21 6:43:00
UST/USD,0.99981,0.99989,11-06-21 6:42:50
UST/USD,0.99981,0.99989,11-06-21 6:42:40
UST/USD,0.99981,0.99989,11-06-21 6:42:30
UST/USD,0.99981,0.99989,11-06-21 6:42:20
UST/USD,0.9998,0.99989,11-06-21 6:42:11
UST/USD,0.99987,0.99989,11-06-21 6:42:00
UST/USD,0.99987,0.99989,11-06-21 6:41:50
UST/USD,0.99987,0.99989,11-06-21 6:41:40
UST/USD,0.99987,0.99989,11-06-21 6:41:30
UST/USD,0.99987,0.99989,11-06-21 6:41:20
UST/USD,0.99987,0.99989,11-06-21 6:41:10
UST/USD,0.99986,0.99989,11-06-21 6:41:00
UST/USD,0.99984,0.99989,11-06-21 6:40:50
UST/USD,0.99986,0.99989,11-06-21 6:40:40
UST/USD,0.99984,0.99989,11-06-21 6:40:30
UST/USD,0.99981,0.99989,11-06-21 6:40:20
UST/USD,0.99988,0.9999,11-06-21 6:40:10
UST/USD,0.99988,0.9999,11-06-21 6:40:00
UST/USD,0.99987,0.99989,11-06-21 6:39:50
UST/USD,0.99985,0.99989,11-06-21 6:39:40
UST/USD,0.99984,0.99989,11-06-21 6:39:30
UST/USD,0.99988,0.9999,11-06-21 6:39:20
UST/USD,0.99988,0.9999,11-06-21 6:39:10
UST/USD,0.99988,0.9999,11-06-21 6:39:00
UST/USD,0.99988,0.9999,11-06-21 6:38:50
UST/USD,0.99988,0.9999,11-06-21 6:38:40
UST/USD,0.99988,0.9999,11-06-21 6:38:30
UST/USD,0.99988,0.9999,11-06-21 6:38:20
UST/USD,0.99988,0.9999,11-06-21 6:38:10
UST/USD,0.99988,0.9999,11-06-21 6:38:00
UST/USD,0.99988,0.9999,11-06-21 6:37:50
UST/USD,0.99988,0.9999,11-06-21 6:37:40
UST/USD,0.99988,0.9999,11-06-21 6:37:30
UST/USD,0.99988,0.9999,11-06-21 6:37:20
UST/USD,0.99988,0.9999,11-06-21 6:37:10
UST/USD,0.99988,0.9999,11-06-21 6:37:00
UST/USD,0.99988,0.9999,11-06-21 6:36:50
UST/USD,0.99986,0.9999,11-06-21 6:36:40
UST/USD,0.99984,0.9999,11-06-21 6:36:30
UST/USD,0.99981,0.9999,11-06-21 6:36:20
UST/USD,0.99981,0.9999,11-06-21 6:36:10
UST/USD,0.99988,0.9999,11-06-21 6:36:00
UST/USD,0.99988,0.9999,11-06-21 6:35:50
UST/USD,0.99988,0.9999,11-06-21 6:35:40
UST/USD,0.99988,0.9999,11-06-21 6:35:30
UST/USD,0.99988,0.9999,11-06-21 6:35:20
UST/USD,0.99988,0.9999,11-06-21 6:35:10
UST/USD,0.99988,0.9999,11-06-21 6:35:00
UST/USD,0.99988,0.9999,11-06-21 6:34:50
UST/USD,0.99986,0.99989,11-06-21 6:34:41
UST/USD,0.99982,0.99989,11-06-21 6:34:31
UST/USD,0.99982,0.99989,11-06-21 6:34:20
UST/USD,0.99981,0.99989,11-06-21 6:34:10
UST/USD,0.99981,0.99989,11-06-21 6:34:00
UST/USD,0.99981,0.99989,11-06-21 6:33:50
UST/USD,0.9998,0.99989,11-06-21 6:33:40
UST/USD,0.99987,0.99989,11-06-21 6:33:30
UST/USD,0.99987,0.99989,11-06-21 6:33:20
UST/USD,0.99987,0.99989,11-06-21 6:33:10
UST/USD,0.99987,0.99989,11-06-21 6:33:00
UST/USD,0.99987,0.99989,11-06-21 6:32:50
UST/USD,0.99987,0.99989,11-06-21 6:32:40
UST/USD,0.99987,0.99989,11-06-21 6:32:30
UST/USD,0.99987,0.99989,11-06-21 6:32:20
UST/USD,0.99987,0.99989,11-06-21 6:32:10
UST/USD,0.99987,0.99989,11-06-21 6:32:00
UST/USD,0.99987,0.99989,11-06-21 6:31:50
UST/USD,0.99987,0.99989,11-06-21 6:31:41
UST/USD,0.99987,0.99989,11-06-21 6:31:30
UST/USD,0.99987,0.99989,11-06-21 6:31:20
UST/USD,0.99987,0.99989,11-06-21 6:31:10
UST/USD,0.99987,0.99989,11-06-21 6:31:00
UST/USD,0.99987,0.99989,11-06-21 6:30:50
UST/USD,0.99987,0.99989,11-06-21 6:30:40
UST/USD,0.99987,0.99989,11-06-21 6:30:30
UST/USD,0.99987,0.99989,11-06-21 6:30:20
UST/USD,0.99987,0.99989,11-06-21 6:30:10
UST/USD,0.99987,0.99989,11-06-21 6:30:00
UST/USD,0.99987,0.99989,11-06-21 6:29:50
UST/USD,0.99987,0.99989,11-06-21 6:29:40
UST/USD,0.99987,0.99989,11-06-21 6:29:30
UST/USD,0.99987,0.99989,11-06-21 6:29:20
UST/USD,0.99988,0.9999,11-06-21 6:29:10
UST/USD,0.99988,0.9999,11-06-21 6:29:00
UST/USD,0.99988,0.9999,11-06-21 6:28:50
UST/USD,0.99988,0.9999,11-06-21 6:28:41
UST/USD,0.99988,0.9999,11-06-21 6:28:30
UST/USD,0.99988,0.9999,11-06-21 6:28:20
UST/USD,0.99988,0.9999,11-06-21 6:28:10
UST/USD,0.99988,0.9999,11-06-21 6:28:00
UST/USD,0.99988,0.9999,11-06-21 6:27:50
UST/USD,0.99988,0.9999,11-06-21 6:27:40
UST/USD,0.99988,0.9999,11-06-21 6:27:30
UST/USD,0.99988,0.9999,11-06-21 6:27:20
UST/USD,0.99988,0.9999,11-06-21 6:27:10
UST/USD,0.99988,0.9999,11-06-21 6:27:00
UST/USD,0.99987,0.99989,11-06-21 6:26:50
UST/USD,0.99987,0.99989,11-06-21 6:26:40
UST/USD,0.99987,0.99989,11-06-21 6:26:30
UST/USD,0.99987,0.99989,11-06-21 6:26:20
UST/USD,0.99987,0.99989,11-06-21 6:26:10
UST/USD,0.99987,0.99989,11-06-21 6:26:00
UST/USD,0.99987,0.99989,11-06-21 6:25:50
UST/USD,0.99987,0.99989,11-06-21 6:25:40
UST/USD,0.99987,0.99989,11-06-21 6:25:30
UST/USD,0.99986,0.99989,11-06-21 6:25:20
UST/USD,0.99986,0.99989,11-06-21 6:25:10
UST/USD,0.99982,0.99989,11-06-21 6:25:00
UST/USD,0.9998,0.99989,11-06-21 6:24:50
UST/USD,0.99988,0.99989,11-06-21 6:24:40
UST/USD,0.99986,0.99989,11-06-21 6:24:30
UST/USD,0.99984,0.99989,11-06-21 6:24:20
UST/USD,0.99984,0.99988,11-06-21 6:24:11
UST/USD,0.99982,0.99989,11-06-21 6:24:00
UST/USD,0.99982,0.99989,11-06-21 6:23:50
UST/USD,0.99981,0.99989,11-06-21 6:23:40
UST/USD,0.99981,0.99982,11-06-21 6:23:30
UST/USD,0.99981,0.99988,11-06-21 6:23:20
UST/USD,0.9998,0.99989,11-06-21 6:23:10
UST/USD,0.9998,0.99984,11-06-21 6:23:00
UST/USD,0.9998,0.99983,11-06-21 6:22:50
UST/USD,0.9998,0.99982,11-06-21 6:22:40
UST/USD,0.9998,0.99989,11-06-21 6:22:30
UST/USD,0.99981,0.99987,11-06-21 6:22:20
UST/USD,0.99981,0.99987,11-06-21 6:22:10
UST/USD,0.99981,0.99987,11-06-21 6:22:00
UST/USD,0.99981,0.99987,11-06-21 6:21:50
UST/USD,0.99981,0.99987,11-06-21 6:21:40
UST/USD,0.99981,0.99987,11-06-21 6:21:30
UST/USD,0.99981,0.99987,11-06-21 6:21:20
UST/USD,0.99981,0.99983,11-06-21 6:21:10
UST/USD,0.99981,0.99987,11-06-21 6:21:00
UST/USD,0.99981,0.99987,11-06-21 6:20:50
UST/USD,0.99981,0.99987,11-06-21 6:20:40
UST/USD,0.99981,0.99987,11-06-21 6:20:30
UST/USD,0.99981,0.99987,11-06-21 6:20:20
UST/USD,0.99981,0.99987,11-06-21 6:20:10
UST/USD,0.99981,0.99987,11-06-21 6:20:00
UST/USD,0.99981,0.99987,11-06-21 6:19:50
UST/USD,0.99981,0.99987,11-06-21 6:19:41
UST/USD,0.99981,0.99987,11-06-21 6:19:30
UST/USD,0.99981,0.99986,11-06-21 6:19:20
UST/USD,0.99981,0.99986,11-06-21 6:19:10
UST/USD,0.99981,0.99986,11-06-21 6:19:00
UST/USD,0.99981,0.99986,11-06-21 6:18:50
UST/USD,0.99981,0.99986,11-06-21 6:18:40
UST/USD,0.99981,0.99986,11-06-21 6:18:30
UST/USD,0.99981,0.99986,11-06-21 6:18:20
UST/USD,0.99981,0.99988,11-06-21 6:18:10
UST/USD,0.99981,0.99989,11-06-21 6:18:00
UST/USD,0.99981,0.99988,11-06-21 6:17:50
UST/USD,0.99981,0.99988,11-06-21 6:17:40
UST/USD,0.99981,0.99988,11-06-21 6:17:30
UST/USD,0.9998,0.99988,11-06-21 6:17:20
UST/USD,0.99988,0.9999,11-06-21 6:17:10
UST/USD,0.99986,0.9999,11-06-21 6:17:00
UST/USD,0.99984,0.99989,11-06-21 6:16:50
UST/USD,0.99987,0.9999,11-06-21 6:16:41
UST/USD,0.99981,0.99989,11-06-21 6:16:30
UST/USD,0.99981,0.99989,11-06-21 6:16:20
UST/USD,0.9998,0.99989,11-06-21 6:16:10
UST/USD,0.99981,0.99989,11-06-21 6:16:00
UST/USD,0.99981,0.99989,11-06-21 6:15:50
UST/USD,0.9998,0.99988,11-06-21 6:15:40
UST/USD,0.99981,0.99988,11-06-21 6:15:30
UST/USD,0.99981,0.99988,11-06-21 6:15:20
UST/USD,0.99981,0.99988,11-06-21 6:15:10
UST/USD,0.99981,0.99988,11-06-21 6:15:00
UST/USD,0.99981,0.99988,11-06-21 6:14:50
UST/USD,0.99981,0.99988,11-06-21 6:14:40
UST/USD,0.99981,0.99988,11-06-21 6:14:30
UST/USD,0.99981,0.99988,11-06-21 6:14:20
UST/USD,0.99981,0.99988,11-06-21 6:14:10
UST/USD,0.99981,0.99988,11-06-21 6:14:00
UST/USD,0.99981,0.99988,11-06-21 6:13:50
UST/USD,0.99981,0.99989,11-06-21 6:13:40
UST/USD,0.9998,0.99988,11-06-21 6:13:30
UST/USD,0.99981,0.99988,11-06-21 6:13:20
UST/USD,0.99981,0.99988,11-06-21 6:13:10
UST/USD,0.99981,0.99988,11-06-21 6:13:00
UST/USD,0.99981,0.99988,11-06-21 6:12:50
UST/USD,0.99981,0.99988,11-06-21 6:12:40
UST/USD,0.99981,0.99988,11-06-21 6:12:30
UST/USD,0.99981,0.99988,11-06-21 6:12:20
UST/USD,0.99981,0.99988,11-06-21 6:12:10
UST/USD,0.99981,0.99988,11-06-21 6:12:00
UST/USD,0.99981,0.99988,11-06-21 6:11:50
UST/USD,0.9998,0.99988,11-06-21 6:11:40
UST/USD,0.9998,0.99988,11-06-21 6:11:30
UST/USD,0.99981,0.99988,11-06-21 6:11:20
UST/USD,0.99981,0.99988,11-06-21 6:11:10
UST/USD,0.99981,0.99988,11-06-21 6:11:00
UST/USD,0.9998,0.99988,11-06-21 6:10:50
UST/USD,0.9998,0.99988,11-06-21 6:10:40
UST/USD,0.9998,0.99988,11-06-21 6:10:30
UST/USD,0.9998,0.99988,11-06-21 6:10:20
UST/USD,0.9998,0.99988,11-06-21 6:10:10
UST/USD,0.9998,0.99988,11-06-21 6:10:00
UST/USD,0.9998,0.99988,11-06-21 6:09:50
UST/USD,0.9998,0.99988,11-06-21 6:09:40
UST/USD,0.9998,0.99988,11-06-21 6:09:30
UST/USD,0.9998,0.99988,11-06-21 6:09:20
UST/USD,0.9998,0.99988,11-06-21 6:09:10
UST/USD,0.9998,0.99988,11-06-21 6:09:00
UST/USD,0.9998,0.99982,11-06-21 6:08:50
UST/USD,0.9998,0.99982,11-06-21 6:08:40
UST/USD,0.9998,0.99982,11-06-21 6:08:30
UST/USD,0.9998,0.99982,11-06-21 6:08:20
UST/USD,0.9998,0.99982,11-06-21 6:08:10
UST/USD,0.9998,0.99986,11-06-21 6:08:00
UST/USD,0.9998,0.99988,11-06-21 6:07:50
UST/USD,0.9998,0.99988,11-06-21 6:07:40
UST/USD,0.9998,0.99988,11-06-21 6:07:30
UST/USD,0.99981,0.99982,11-06-21 6:07:20
UST/USD,0.99981,0.99982,11-06-21 6:07:10
UST/USD,0.99981,0.99982,11-06-21 6:07:00
UST/USD,0.99981,0.99982,11-06-21 6:06:50
UST/USD,0.99981,0.99982,11-06-21 6:06:40
UST/USD,0.99981,0.99982,11-06-21 6:06:30
UST/USD,0.99981,0.99982,11-06-21 6:06:20
UST/USD,0.9998,0.99982,11-06-21 6:06:11
UST/USD,0.9998,0.99982,11-06-21 6:06:00
UST/USD,0.9998,0.99989,11-06-21 6:05:50
UST/USD,0.99989,0.9999,11-06-21 6:05:40
UST/USD,0.99989,0.9999,11-06-21 6:05:30
UST/USD,0.99989,0.9999,11-06-21 6:05:20
UST/USD,0.99989,0.9999,11-06-21 6:05:10
UST/USD,0.99989,0.9999,11-06-21 6:05:00
UST/USD,0.99989,0.9999,11-06-21 6:04:50
UST/USD,0.99989,0.9999,11-06-21 6:04:40
UST/USD,0.99989,0.9999,11-06-21 6:04:30
UST/USD,0.99989,0.9999,11-06-21 6:04:20
UST/USD,0.99989,0.9999,11-06-21 6:04:10
UST/USD,0.99989,0.9999,11-06-21 6:04:00
UST/USD,0.99989,0.9999,11-06-21 6:03:50
UST/USD,0.99989,0.9999,11-06-21 6:03:40
UST/USD,0.99989,0.9999,11-06-21 6:03:30
UST/USD,0.99989,0.9999,11-06-21 6:03:20
UST/USD,0.99989,0.9999,11-06-21 6:03:11
UST/USD,0.99989,0.9999,11-06-21 6:03:00
UST/USD,0.99989,0.9999,11-06-21 6:02:50
UST/USD,0.99989,0.9999,11-06-21 6:02:40
UST/USD,0.99989,0.9999,11-06-21 6:02:30
UST/USD,0.9999,0.99992,11-06-21 6:02:20
UST/USD,0.99989,0.9999,11-06-21 6:02:10
UST/USD,0.99989,0.99992,11-06-21 6:02:00
UST/USD,0.9999,0.99992,11-06-21 6:01:50
UST/USD,0.9999,0.99993,11-06-21 6:01:41
UST/USD,0.99989,0.9999,11-06-21 6:01:30
UST/USD,0.99989,0.9999,11-06-21 6:01:20
UST/USD,0.99989,0.9999,11-06-21 6:01:10
UST/USD,0.99989,0.9999,11-06-21 6:01:00
UST/USD,0.99989,0.9999,11-06-21 6:00:50
UST/USD,0.99989,0.9999,11-06-21 6:00:40
UST/USD,0.99989,0.9999,11-06-21 6:00:30
UST/USD,0.99989,0.9999,11-06-21 6:00:20
UST/USD,0.99989,0.9999,11-06-21 6:00:10
UST/USD,0.99989,0.9999,11-06-21 6:00:00
UST/USD,0.99989,0.9999,11-06-21 5:59:50
UST/USD,0.99989,0.9999,11-06-21 5:59:40
UST/USD,0.99989,0.9999,11-06-21 5:59:30
UST/USD,0.99989,0.9999,11-06-21 5:59:20
UST/USD,0.99989,0.9999,11-06-21 5:59:10
UST/USD,0.99989,0.9999,11-06-21 5:59:00
UST/USD,0.99989,0.9999,11-06-21 5:58:50
UST/USD,0.99989,0.9999,11-06-21 5:58:41
UST/USD,0.99989,0.9999,11-06-21 5:58:30
UST/USD,0.99989,0.9999,11-06-21 5:58:20
UST/USD,0.99989,0.9999,11-06-21 5:58:10
UST/USD,0.99989,0.9999,11-06-21 5:58:00
UST/USD,0.99989,0.9999,11-06-21 5:57:50
UST/USD,0.99989,0.9999,11-06-21 5:57:40
UST/USD,0.99989,0.9999,11-06-21 5:57:30
UST/USD,0.99989,0.9999,11-06-21 5:57:20
UST/USD,0.99989,0.9999,11-06-21 5:57:10
UST/USD,0.99989,0.9999,11-06-21 5:57:00
UST/USD,0.99989,0.9999,11-06-21 5:56:50
UST/USD,0.99989,0.9999,11-06-21 5:56:40
UST/USD,0.99989,0.9999,11-06-21 5:56:30
UST/USD,0.99989,0.9999,11-06-21 5:56:20
UST/USD,0.99989,0.9999,11-06-21 5:56:11
UST/USD,0.99989,0.9999,11-06-21 5:56:00
UST/USD,0.99989,0.9999,11-06-21 5:55:50
UST/USD,0.99989,0.9999,11-06-21 5:55:40
UST/USD,0.99989,0.9999,11-06-21 5:55:30
UST/USD,0.99989,0.9999,11-06-21 5:55:20
UST/USD,0.99989,0.9999,11-06-21 5:55:10
UST/USD,0.99989,0.9999,11-06-21 5:55:00
UST/USD,0.99989,0.9999,11-06-21 5:54:50
UST/USD,0.99989,0.9999,11-06-21 5:54:40
UST/USD,0.99989,0.9999,11-06-21 5:54:30
UST/USD,0.99989,0.9999,11-06-21 5:54:20
UST/USD,0.99989,0.9999,11-06-21 5:54:10
UST/USD,0.99989,0.9999,11-06-21 5:54:00
UST/USD,0.99989,0.9999,11-06-21 5:53:50
UST/USD,0.99989,0.9999,11-06-21 5:53:40
UST/USD,0.99989,0.9999,11-06-21 5:53:30
UST/USD,0.99989,0.9999,11-06-21 5:53:20
UST/USD,0.99989,0.9999,11-06-21 5:53:10
UST/USD,0.99989,0.9999,11-06-21 5:53:00
UST/USD,0.99989,0.9999,11-06-21 5:52:50
UST/USD,0.99989,0.9999,11-06-21 5:52:40
UST/USD,0.99989,0.9999,11-06-21 5:52:30
UST/USD,0.99989,0.9999,11-06-21 5:52:20
UST/USD,0.99989,0.9999,11-06-21 5:52:10
UST/USD,0.99989,0.9999,11-06-21 5:52:00
UST/USD,0.99989,0.9999,11-06-21 5:51:50
UST/USD,0.99989,0.9999,11-06-21 5:51:40
UST/USD,0.99989,0.9999,11-06-21 5:51:30
UST/USD,0.99989,0.9999,11-06-21 5:51:20
UST/USD,0.99989,0.9999,11-06-21 5:51:10
UST/USD,0.99989,0.9999,11-06-21 5:51:00
UST/USD,0.99989,0.9999,11-06-21 5:50:50
UST/USD,0.99989,0.9999,11-06-21 5:50:40
UST/USD,0.99989,0.9999,11-06-21 5:50:30
UST/USD,0.99989,0.9999,11-06-21 5:50:21
UST/USD,0.99989,0.9999,11-06-21 5:50:10
UST/USD,0.99989,0.9999,11-06-21 5:50:00
UST/USD,0.99989,0.9999,11-06-21 5:49:51
UST/USD,0.99989,0.9999,11-06-21 5:49:40
UST/USD,0.99989,0.9999,11-06-21 5:49:30
UST/USD,0.99989,0.9999,11-06-21 5:49:20
UST/USD,0.99989,0.9999,11-06-21 5:49:10
UST/USD,0.99989,0.9999,11-06-21 5:49:00
UST/USD,0.99989,0.9999,11-06-21 5:48:50
UST/USD,0.99989,0.9999,11-06-21 5:48:40
UST/USD,0.99989,0.9999,11-06-21 5:48:30
UST/USD,0.99989,0.9999,11-06-21 5:48:20
UST/USD,0.99989,0.9999,11-06-21 5:48:11
UST/USD,0.99989,0.9999,11-06-21 5:48:00
UST/USD,0.99989,0.9999,11-06-21 5:47:50
UST/USD,0.99989,0.9999,11-06-21 5:47:40
UST/USD,0.99989,0.9999,11-06-21 5:47:30
UST/USD,0.99989,0.9999,11-06-21 5:47:20
UST/USD,0.99989,0.9999,11-06-21 5:47:10
UST/USD,0.99989,0.9999,11-06-21 5:47:00
UST/USD,0.99989,0.9999,11-06-21 5:46:50
UST/USD,0.99989,0.9999,11-06-21 5:46:40
UST/USD,0.99989,0.9999,11-06-21 5:46:30
UST/USD,0.99989,0.9999,11-06-21 5:46:20
UST/USD,0.99989,0.9999,11-06-21 5:46:10
UST/USD,0.99989,0.9999,11-06-21 5:46:00
UST/USD,0.9999,0.99992,11-06-21 5:45:50
UST/USD,0.9999,0.99992,11-06-21 5:45:40
UST/USD,0.9999,0.99992,11-06-21 5:45:30
UST/USD,0.9999,0.99992,11-06-21 5:45:20
UST/USD,0.9999,0.99992,11-06-21 5:45:10
UST/USD,0.9999,0.99992,11-06-21 5:45:00
UST/USD,0.9999,0.99992,11-06-21 5:44:50
UST/USD,0.9999,0.99992,11-06-21 5:44:40
UST/USD,0.9999,0.99992,11-06-21 5:44:30
UST/USD,0.9999,0.99992,11-06-21 5:44:20
UST/USD,0.9999,0.99992,11-06-21 5:44:11
UST/USD,0.9999,0.99992,11-06-21 5:44:00
UST/USD,0.9999,0.99992,11-06-21 5:43:50
UST/USD,0.9999,0.99992,11-06-21 5:43:40
UST/USD,0.9999,0.99992,11-06-21 5:43:31
UST/USD,0.9999,0.99992,11-06-21 5:43:20
UST/USD,0.9999,0.99992,11-06-21 5:43:10
UST/USD,0.9999,0.99992,11-06-21 5:43:00
UST/USD,0.9999,0.99992,11-06-21 5:42:50
UST/USD,0.9999,0.99992,11-06-21 5:42:40
UST/USD,0.9999,0.99992,11-06-21 5:42:30
UST/USD,0.99991,0.99992,11-06-21 5:42:20
UST/USD,0.99991,0.99992,11-06-21 5:42:10
UST/USD,0.9999,0.99992,11-06-21 5:42:00
UST/USD,0.9999,0.99991,11-06-21 5:41:50
UST/USD,0.9999,0.99992,11-06-21 5:41:40
UST/USD,0.9999,0.99992,11-06-21 5:41:31
UST/USD,0.9999,0.99992,11-06-21 5:41:20
UST/USD,0.9999,0.99992,11-06-21 5:41:10
UST/USD,0.9999,0.99992,11-06-21 5:41:00
UST/USD,0.9999,0.99992,11-06-21 5:40:50
UST/USD,0.9999,0.99992,11-06-21 5:40:40
UST/USD,0.9999,0.99992,11-06-21 5:40:30
UST/USD,0.9999,0.99992,11-06-21 5:40:20
UST/USD,0.9999,0.99992,11-06-21 5:40:10
UST/USD,0.9999,0.99992,11-06-21 5:40:00
UST/USD,0.9999,0.99992,11-06-21 5:39:50
UST/USD,0.9999,0.99992,11-06-21 5:39:41
UST/USD,0.9999,0.99992,11-06-21 5:39:30
UST/USD,0.9999,0.99992,11-06-21 5:39:20
UST/USD,0.9999,0.99992,11-06-21 5:39:11
UST/USD,0.9999,0.99992,11-06-21 5:39:00
UST/USD,0.9999,0.99992,11-06-21 5:38:51
UST/USD,0.9999,0.99992,11-06-21 5:38:40
UST/USD,0.9999,0.99992,11-06-21 5:38:30
UST/USD,0.9999,0.99992,11-06-21 5:38:20
UST/USD,0.9999,0.99992,11-06-21 5:38:10
UST/USD,0.9999,0.99992,11-06-21 5:38:00
UST/USD,0.9999,0.99992,11-06-21 5:37:50
UST/USD,0.9999,0.99992,11-06-21 5:37:40
UST/USD,0.9999,0.99992,11-06-21 5:37:30
UST/USD,0.9999,0.99992,11-06-21 5:37:20
UST/USD,0.9999,0.99992,11-06-21 5:37:10
UST/USD,0.9999,0.99992,11-06-21 5:37:01
UST/USD,0.9999,0.99992,11-06-21 5:36:50
UST/USD,0.9999,0.99992,11-06-21 5:36:40
UST/USD,0.9999,0.99992,11-06-21 5:36:30
UST/USD,0.9999,0.99992,11-06-21 5:36:20
UST/USD,0.9999,0.99992,11-06-21 5:36:10
UST/USD,0.9999,0.99992,11-06-21 5:36:00
UST/USD,0.9999,0.99992,11-06-21 5:35:50
UST/USD,0.9999,0.99992,11-06-21 5:35:40
UST/USD,0.9999,0.99992,11-06-21 5:35:30
UST/USD,0.9999,0.99992,11-06-21 5:35:20
UST/USD,0.9999,0.99992,11-06-21 5:35:10
UST/USD,0.9999,0.99992,11-06-21 5:35:00
UST/USD,0.9999,0.99992,11-06-21 5:34:50
UST/USD,0.9999,0.99992,11-06-21 5:34:40
UST/USD,0.9999,0.99992,11-06-21 5:34:31
UST/USD,0.9999,0.99992,11-06-21 5:34:20
UST/USD,0.9999,0.99992,11-06-21 5:34:10
UST/USD,0.9999,0.99992,11-06-21 5:34:00
UST/USD,0.9999,0.99992,11-06-21 5:33:50
UST/USD,0.9999,0.99992,11-06-21 5:33:40
UST/USD,0.9999,0.99991,11-06-21 5:33:30
UST/USD,0.9999,0.99991,11-06-21 5:33:20
UST/USD,0.9999,0.99991,11-06-21 5:33:11
UST/USD,0.9999,0.99991,11-06-21 5:33:00
UST/USD,0.9999,0.99991,11-06-21 5:32:50
UST/USD,0.9999,0.99991,11-06-21 5:32:40
UST/USD,0.9999,0.99991,11-06-21 5:32:30
UST/USD,0.9999,0.99991,11-06-21 5:32:20
UST/USD,0.9999,0.99991,11-06-21 5:32:10
UST/USD,0.9999,0.99991,11-06-21 5:32:00
UST/USD,0.9999,0.99991,11-06-21 5:31:50
UST/USD,0.9999,0.99991,11-06-21 5:31:40
UST/USD,0.9999,0.99991,11-06-21 5:31:30
UST/USD,0.9999,0.99991,11-06-21 5:31:20
UST/USD,0.9999,0.99991,11-06-21 5:31:10
UST/USD,0.9999,0.99991,11-06-21 5:31:00
UST/USD,0.9999,0.99991,11-06-21 5:30:50
UST/USD,0.9999,0.99991,11-06-21 5:30:40
UST/USD,0.9999,0.99991,11-06-21 5:30:30
UST/USD,0.9999,0.99991,11-06-21 5:30:20
UST/USD,0.9999,0.99991,11-06-21 5:30:10
UST/USD,0.9999,0.99991,11-06-21 5:30:00
UST/USD,0.9999,0.99991,11-06-21 5:29:50
UST/USD,0.9999,0.99991,11-06-21 5:29:40
UST/USD,0.9999,0.99991,11-06-21 5:29:30
UST/USD,0.9999,0.99991,11-06-21 5:29:20
UST/USD,0.9999,0.99991,11-06-21 5:29:10
UST/USD,0.9999,0.99991,11-06-21 5:29:01
UST/USD,0.9999,0.99991,11-06-21 5:28:50
UST/USD,0.9999,0.99991,11-06-21 5:28:40
UST/USD,0.9999,0.99991,11-06-21 5:28:30
UST/USD,0.9999,0.99991,11-06-21 5:28:20
UST/USD,0.9999,0.99991,11-06-21 5:28:10
UST/USD,0.9999,0.99991,11-06-21 5:28:00
UST/USD,0.9999,0.99991,11-06-21 5:27:50
UST/USD,0.9999,0.99991,11-06-21 5:27:40
UST/USD,0.9999,0.99991,11-06-21 5:27:30
UST/USD,0.9999,0.99991,11-06-21 5:27:20
UST/USD,0.9999,0.99991,11-06-21 5:27:10
UST/USD,0.9999,0.99991,11-06-21 5:27:00
UST/USD,0.99989,0.9999,11-06-21 5:26:50
UST/USD,0.99989,0.9999,11-06-21 5:26:40
UST/USD,0.99989,0.9999,11-06-21 5:26:30
UST/USD,0.99989,0.9999,11-06-21 5:26:20
UST/USD,0.99989,0.9999,11-06-21 5:26:10
UST/USD,0.99989,0.9999,11-06-21 5:26:00
UST/USD,0.99989,0.9999,11-06-21 5:25:50
UST/USD,0.99989,0.9999,11-06-21 5:25:40
UST/USD,0.99989,0.9999,11-06-21 5:25:30
UST/USD,0.99989,0.9999,11-06-21 5:25:20
UST/USD,0.99989,0.9999,11-06-21 5:25:10
UST/USD,0.99989,0.9999,11-06-21 5:25:00
UST/USD,0.99988,0.9999,11-06-21 5:24:50
UST/USD,0.99988,0.9999,11-06-21 5:24:40
UST/USD,0.99988,0.9999,11-06-21 5:24:30
UST/USD,0.99989,0.9999,11-06-21 5:24:20
UST/USD,0.99989,0.9999,11-06-21 5:24:11
UST/USD,0.99989,0.9999,11-06-21 5:24:00
UST/USD,0.99986,0.9999,11-06-21 5:23:50
UST/USD,0.99989,0.9999,11-06-21 5:23:40
UST/USD,0.99989,0.9999,11-06-21 5:23:30
UST/USD,0.99988,0.9999,11-06-21 5:23:20
UST/USD,0.99986,0.9999,11-06-21 5:23:10
UST/USD,0.99988,0.9999,11-06-21 5:23:00
UST/USD,0.99988,0.9999,11-06-21 5:22:50
UST/USD,0.99988,0.9999,11-06-21 5:22:41
UST/USD,0.99988,0.9999,11-06-21 5:22:30
UST/USD,0.99988,0.9999,11-06-21 5:22:20
UST/USD,0.99988,0.9999,11-06-21 5:22:10
UST/USD,0.99988,0.9999,11-06-21 5:22:00
UST/USD,0.99988,0.9999,11-06-21 5:21:51
UST/USD,0.99988,0.9999,11-06-21 5:21:40
UST/USD,0.99988,0.9999,11-06-21 5:21:30
UST/USD,0.99988,0.9999,11-06-21 5:21:20
UST/USD,0.99988,0.9999,11-06-21 5:21:10
UST/USD,0.99988,0.9999,11-06-21 5:21:00
UST/USD,0.99988,0.9999,11-06-21 5:20:50
UST/USD,0.99988,0.9999,11-06-21 5:20:40
UST/USD,0.99988,0.9999,11-06-21 5:20:30
UST/USD,0.99989,0.9999,11-06-21 5:20:20
UST/USD,0.99989,0.9999,11-06-21 5:20:10
UST/USD,0.99989,0.99991,11-06-21 5:20:00
UST/USD,0.99988,0.99991,11-06-21 5:19:50
UST/USD,0.99982,0.99991,11-06-21 5:19:40
UST/USD,0.9999,0.99991,11-06-21 5:19:30
UST/USD,0.9999,0.99991,11-06-21 5:19:20
UST/USD,0.9999,0.99991,11-06-21 5:19:10
UST/USD,0.9999,0.99991,11-06-21 5:19:00
UST/USD,0.9999,0.99991,11-06-21 5:18:50
UST/USD,0.9999,0.99991,11-06-21 5:18:40
UST/USD,0.9999,0.99991,11-06-21 5:18:30
UST/USD,0.9999,0.99991,11-06-21 5:18:20
UST/USD,0.9999,0.99991,11-06-21 5:18:11
UST/USD,0.9999,0.99991,11-06-21 5:18:00
UST/USD,0.9999,0.99991,11-06-21 5:17:50
UST/USD,0.9999,0.99991,11-06-21 5:17:40
UST/USD,0.9999,0.99991,11-06-21 5:17:30
UST/USD,0.9999,0.99991,11-06-21 5:17:20
UST/USD,0.9999,0.99991,11-06-21 5:17:10
UST/USD,0.9999,0.99991,11-06-21 5:17:00
UST/USD,0.9999,0.99991,11-06-21 5:16:50
UST/USD,0.9999,0.99991,11-06-21 5:16:40
UST/USD,0.9999,0.99991,11-06-21 5:16:30
UST/USD,0.9999,0.99991,11-06-21 5:16:20
UST/USD,0.9999,0.99991,11-06-21 5:16:10
UST/USD,0.9999,0.99991,11-06-21 5:16:00
UST/USD,0.9999,0.99991,11-06-21 5:15:50
UST/USD,0.9999,0.99991,11-06-21 5:15:40
UST/USD,0.9999,0.99991,11-06-21 5:15:30
UST/USD,0.9999,0.99991,11-06-21 5:15:20
UST/USD,0.9999,0.99991,11-06-21 5:15:11
UST/USD,0.9999,0.99991,11-06-21 5:15:00
UST/USD,0.9999,0.99991,11-06-21 5:14:50
UST/USD,0.9999,0.99991,11-06-21 5:14:40
UST/USD,0.9999,0.99991,11-06-21 5:14:30
UST/USD,0.9999,0.99991,11-06-21 5:14:20
UST/USD,0.9999,0.99991,11-06-21 5:14:10
UST/USD,0.9999,0.99991,11-06-21 5:14:00
UST/USD,0.9999,0.99991,11-06-21 5:13:50
UST/USD,0.9999,0.99991,11-06-21 5:13:41
UST/USD,0.9999,0.99991,11-06-21 5:13:30
UST/USD,0.9999,0.99991,11-06-21 5:13:20
UST/USD,0.9999,0.99991,11-06-21 5:13:10
UST/USD,0.9999,0.99991,11-06-21 5:13:00
UST/USD,0.9999,0.99991,11-06-21 5:12:50
UST/USD,0.9999,0.99991,11-06-21 5:12:40
UST/USD,0.9999,0.99991,11-06-21 5:12:30
UST/USD,0.9999,0.99991,11-06-21 5:12:20
UST/USD,0.9999,0.99991,11-06-21 5:12:11
UST/USD,0.9999,0.99991,11-06-21 5:12:00
UST/USD,0.9999,0.99991,11-06-21 5:11:50
UST/USD,0.9999,0.99991,11-06-21 5:11:41
UST/USD,0.9999,0.99991,11-06-21 5:11:30
UST/USD,0.9999,0.99991,11-06-21 5:11:20
UST/USD,0.9999,0.99991,11-06-21 5:11:10
UST/USD,0.9999,0.99991,11-06-21 5:11:00
UST/USD,0.9999,0.99991,11-06-21 5:10:50
UST/USD,0.9999,0.99991,11-06-21 5:10:41
UST/USD,0.9999,0.99991,11-06-21 5:10:30
UST/USD,0.9999,0.99991,11-06-21 5:10:20
UST/USD,0.9999,0.99992,11-06-21 5:10:10
UST/USD,0.9999,0.99992,11-06-21 5:10:00
UST/USD,0.9998,0.99982,11-06-21 5:09:50
UST/USD,0.9998,0.99982,11-06-21 5:09:40
UST/USD,0.9998,0.99982,11-06-21 5:09:30
UST/USD,0.9998,0.99982,11-06-21 5:09:20
UST/USD,0.9998,0.99982,11-06-21 5:09:10
UST/USD,0.9998,0.99982,11-06-21 5:09:00
UST/USD,0.9998,0.99982,11-06-21 5:08:50
UST/USD,0.9998,0.99982,11-06-21 5:08:40
UST/USD,0.9998,0.99982,11-06-21 5:08:30
UST/USD,0.9998,0.99982,11-06-21 5:08:20
UST/USD,0.9998,0.99982,11-06-21 5:08:10
UST/USD,0.9998,0.99982,11-06-21 5:08:00
UST/USD,0.9998,0.99983,11-06-21 5:07:50
UST/USD,0.9998,0.99986,11-06-21 5:07:40
UST/USD,0.9998,0.99986,11-06-21 5:07:30
UST/USD,0.9998,0.99986,11-06-21 5:07:20
UST/USD,0.9998,0.99986,11-06-21 5:07:10
UST/USD,0.9998,0.99986,11-06-21 5:07:00
UST/USD,0.9998,0.99986,11-06-21 5:06:50
UST/USD,0.9998,0.99986,11-06-21 5:06:40
UST/USD,0.9998,0.99986,11-06-21 5:06:30
UST/USD,0.9998,0.99986,11-06-21 5:06:20
UST/USD,0.99985,0.99986,11-06-21 5:06:10
UST/USD,0.99985,0.99986,11-06-21 5:06:00
UST/USD,0.99985,0.99986,11-06-21 5:05:50
UST/USD,0.99985,0.99986,11-06-21 5:05:40
UST/USD,0.99985,0.99986,11-06-21 5:05:30
UST/USD,0.99985,0.99986,11-06-21 5:05:20
UST/USD,0.99985,0.99986,11-06-21 5:05:10
UST/USD,0.99985,0.99986,11-06-21 5:05:00
UST/USD,0.99985,0.99986,11-06-21 5:04:50
UST/USD,0.99985,0.99987,11-06-21 5:04:40
UST/USD,0.99985,0.99987,11-06-21 5:04:30
UST/USD,0.99985,0.99987,11-06-21 5:04:20
UST/USD,0.99985,0.99987,11-06-21 5:04:10
UST/USD,0.99985,0.99987,11-06-21 5:04:00
UST/USD,0.99985,0.99987,11-06-21 5:03:50
UST/USD,0.99985,0.99987,11-06-21 5:03:40
UST/USD,0.99985,0.99987,11-06-21 5:03:30
UST/USD,0.99986,0.99987,11-06-21 5:03:20
UST/USD,0.99986,0.99987,11-06-21 5:03:11
UST/USD,0.99986,0.99987,11-06-21 5:03:00
UST/USD,0.99986,0.99987,11-06-21 5:02:50
UST/USD,0.99986,0.99987,11-06-21 5:02:40
UST/USD,0.99986,0.99987,11-06-21 5:02:30
UST/USD,0.99986,0.99987,11-06-21 5:02:20
UST/USD,0.99986,0.99987,11-06-21 5:02:10
UST/USD,0.99986,0.99987,11-06-21 5:02:00
UST/USD,0.99986,0.99987,11-06-21 5:01:50
UST/USD,0.99986,0.99987,11-06-21 5:01:41
UST/USD,0.99986,0.99987,11-06-21 5:01:30
UST/USD,0.99986,0.99987,11-06-21 5:01:20
UST/USD,0.99986,0.99987,11-06-21 5:01:10
UST/USD,0.99986,0.99987,11-06-21 5:01:00
UST/USD,0.99986,0.99987,11-06-21 5:00:50
UST/USD,0.99986,0.99987,11-06-21 5:00:40
UST/USD,0.99986,0.99987,11-06-21 5:00:30
UST/USD,0.99986,0.99987,11-06-21 5:00:20
UST/USD,0.99986,0.99987,11-06-21 5:00:11
UST/USD,0.99986,0.99987,11-06-21 5:00:00
UST/USD,0.99986,0.99987,11-06-21 4:59:50
UST/USD,0.99986,0.99987,11-06-21 4:59:40
UST/USD,0.99986,0.99987,11-06-21 4:59:30
UST/USD,0.99986,0.99987,11-06-21 4:59:20
UST/USD,0.99986,0.99987,11-06-21 4:59:10
UST/USD,0.99986,0.99987,11-06-21 4:59:00
UST/USD,0.99986,0.99987,11-06-21 4:58:50
UST/USD,0.99986,0.99987,11-06-21 4:58:40
UST/USD,0.99986,0.99987,11-06-21 4:58:30
UST/USD,0.99986,0.99987,11-06-21 4:58:20
UST/USD,0.99986,0.99987,11-06-21 4:58:10
UST/USD,0.99986,0.99987,11-06-21 4:58:00
UST/USD,0.99986,0.99987,11-06-21 4:57:50
UST/USD,0.99986,0.99987,11-06-21 4:57:40
UST/USD,0.99986,0.99987,11-06-21 4:57:30
UST/USD,0.99985,0.99987,11-06-21 4:57:20
UST/USD,0.99985,0.99986,11-06-21 4:57:10
UST/USD,0.99985,0.99987,11-06-21 4:57:00
UST/USD,0.99985,0.99987,11-06-21 4:56:50
UST/USD,0.99985,0.99987,11-06-21 4:56:40
UST/USD,0.99985,0.99986,11-06-21 4:56:30
UST/USD,0.99985,0.99986,11-06-21 4:56:20
UST/USD,0.99985,0.99986,11-06-21 4:56:10
UST/USD,0.99985,0.99986,11-06-21 4:56:00
UST/USD,0.99985,0.99986,11-06-21 4:55:50
UST/USD,0.99985,0.99986,11-06-21 4:55:40
UST/USD,0.99985,0.99987,11-06-21 4:55:30
UST/USD,0.99985,0.99986,11-06-21 4:55:20
UST/USD,0.99985,0.99986,11-06-21 4:55:10
UST/USD,0.99985,0.99986,11-06-21 4:55:00
UST/USD,0.99985,0.99986,11-06-21 4:54:50
UST/USD,0.99985,0.99986,11-06-21 4:54:40
UST/USD,0.99985,0.99986,11-06-21 4:54:30
UST/USD,0.99985,0.99986,11-06-21 4:54:20
UST/USD,0.99985,0.99986,11-06-21 4:54:11
UST/USD,0.99985,0.99986,11-06-21 4:54:00
UST/USD,0.99985,0.99986,11-06-21 4:53:50
UST/USD,0.99985,0.99986,11-06-21 4:53:40
UST/USD,0.99985,0.99987,11-06-21 4:53:30
UST/USD,0.99985,0.99987,11-06-21 4:53:21
UST/USD,0.99985,0.99987,11-06-21 4:53:10
UST/USD,0.99985,0.99987,11-06-21 4:53:00
UST/USD,0.99985,0.99987,11-06-21 4:52:50
UST/USD,0.99985,0.99987,11-06-21 4:52:40
UST/USD,0.99985,0.99987,11-06-21 4:52:30
UST/USD,0.99985,0.99987,11-06-21 4:52:20
UST/USD,0.99985,0.99987,11-06-21 4:52:10
UST/USD,0.99985,0.99987,11-06-21 4:52:00
UST/USD,0.99985,0.99987,11-06-21 4:51:50
UST/USD,0.99985,0.99987,11-06-21 4:51:40
UST/USD,0.99985,0.99987,11-06-21 4:51:30
UST/USD,0.99985,0.99987,11-06-21 4:51:20
UST/USD,0.99985,0.99987,11-06-21 4:51:10
UST/USD,0.99985,0.99987,11-06-21 4:51:00
UST/USD,0.99985,0.99987,11-06-21 4:50:51
UST/USD,0.99985,0.99987,11-06-21 4:50:40
UST/USD,0.99985,0.99987,11-06-21 4:50:30
UST/USD,0.99985,0.99987,11-06-21 4:50:20
UST/USD,0.99985,0.99987,11-06-21 4:50:10
UST/USD,0.99985,0.99987,11-06-21 4:50:00
UST/USD,0.99985,0.99987,11-06-21 4:49:50
UST/USD,0.99985,0.99987,11-06-21 4:49:40
UST/USD,0.99985,0.99987,11-06-21 4:49:30
UST/USD,0.99985,0.99987,11-06-21 4:49:20
UST/USD,0.99985,0.99987,11-06-21 4:49:10
UST/USD,0.99985,0.99987,11-06-21 4:49:00
UST/USD,0.99985,0.99987,11-06-21 4:48:50
UST/USD,0.99985,0.99987,11-06-21 4:48:40
UST/USD,0.99985,0.99987,11-06-21 4:48:30
UST/USD,0.99985,0.99987,11-06-21 4:48:20
UST/USD,0.99985,0.99987,11-06-21 4:48:10
UST/USD,0.99985,0.99987,11-06-21 4:48:00
UST/USD,0.99985,0.99987,11-06-21 4:47:50
UST/USD,0.99985,0.99987,11-06-21 4:47:40
UST/USD,0.99985,0.99987,11-06-21 4:47:30
UST/USD,0.99985,0.99987,11-06-21 4:47:20
UST/USD,0.99985,0.99987,11-06-21 4:47:10
UST/USD,0.99985,0.99987,11-06-21 4:47:00
UST/USD,0.99986,0.99987,11-06-21 4:46:50
UST/USD,0.99985,0.99987,11-06-21 4:46:40
UST/USD,0.99985,0.99987,11-06-21 4:46:30
UST/USD,0.99985,0.99987,11-06-21 4:46:20
UST/USD,0.99985,0.99987,11-06-21 4:46:10
UST/USD,0.99985,0.99987,11-06-21 4:46:00
UST/USD,0.99985,0.99987,11-06-21 4:45:50
UST/USD,0.99985,0.99987,11-06-21 4:45:40
UST/USD,0.99985,0.99987,11-06-21 4:45:30
UST/USD,0.99985,0.99987,11-06-21 4:45:20
UST/USD,0.99985,0.99987,11-06-21 4:45:10
UST/USD,0.99985,0.99987,11-06-21 4:45:00
UST/USD,0.99985,0.99987,11-06-21 4:44:50
UST/USD,0.99985,0.99987,11-06-21 4:44:40
UST/USD,0.99985,0.99987,11-06-21 4:44:30
UST/USD,0.99985,0.99987,11-06-21 4:44:20
UST/USD,0.99985,0.99987,11-06-21 4:44:10
UST/USD,0.99985,0.99987,11-06-21 4:44:00
UST/USD,0.99985,0.99987,11-06-21 4:43:50
UST/USD,0.99985,0.99987,11-06-21 4:43:41
UST/USD,0.99985,0.99987,11-06-21 4:43:30
UST/USD,0.99985,0.99987,11-06-21 4:43:20
UST/USD,0.99985,0.99987,11-06-21 4:43:10
UST/USD,0.99985,0.99987,11-06-21 4:43:00
UST/USD,0.99985,0.99987,11-06-21 4:42:50
UST/USD,0.99985,0.99987,11-06-21 4:42:40
UST/USD,0.99985,0.99987,11-06-21 4:42:30
UST/USD,0.99985,0.99987,11-06-21 4:42:21
UST/USD,0.99985,0.99987,11-06-21 4:42:10
UST/USD,0.99985,0.99987,11-06-21 4:42:00
UST/USD,0.99985,0.99987,11-06-21 4:41:50
UST/USD,0.99985,0.99987,11-06-21 4:41:40
UST/USD,0.99985,0.99987,11-06-21 4:41:30
UST/USD,0.99985,0.99987,11-06-21 4:41:20
UST/USD,0.99985,0.99987,11-06-21 4:41:10
UST/USD,0.99985,0.99987,11-06-21 4:41:00
UST/USD,0.99985,0.99987,11-06-21 4:40:50
UST/USD,0.99985,0.99987,11-06-21 4:40:40
UST/USD,0.99985,0.99987,11-06-21 4:40:30
UST/USD,0.99985,0.99987,11-06-21 4:40:20
UST/USD,0.99985,0.99987,11-06-21 4:40:10
UST/USD,0.99985,0.99987,11-06-21 4:40:00
UST/USD,0.99985,0.99986,11-06-21 4:39:50
UST/USD,0.99985,0.99987,11-06-21 4:39:40
UST/USD,0.99985,0.99986,11-06-21 4:39:30
UST/USD,0.99985,0.99986,11-06-21 4:39:20
UST/USD,0.99985,0.99986,11-06-21 4:39:10
UST/USD,0.99985,0.99986,11-06-21 4:39:00
UST/USD,0.99985,0.99986,11-06-21 4:38:50
UST/USD,0.99985,0.99986,11-06-21 4:38:40
UST/USD,0.99985,0.99986,11-06-21 4:38:30
UST/USD,0.99985,0.99986,11-06-21 4:38:20
UST/USD,0.99985,0.99986,11-06-21 4:38:10
UST/USD,0.99985,0.99986,11-06-21 4:38:00
UST/USD,0.99985,0.99986,11-06-21 4:37:50
UST/USD,0.99985,0.99986,11-06-21 4:37:40
UST/USD,0.99985,0.99986,11-06-21 4:37:30
UST/USD,0.99985,0.99987,11-06-21 4:37:20
UST/USD,0.99985,0.99987,11-06-21 4:37:10
UST/USD,0.99985,0.99987,11-06-21 4:37:00
UST/USD,0.99986,0.99987,11-06-21 4:36:50
UST/USD,0.99986,0.99988,11-06-21 4:36:40
UST/USD,0.99987,0.99988,11-06-21 4:36:30
UST/USD,0.99987,0.99988,11-06-21 4:36:20
UST/USD,0.99987,0.99988,11-06-21 4:36:10
UST/USD,0.99987,0.99988,11-06-21 4:36:00
UST/USD,0.99987,0.99988,11-06-21 4:35:50
UST/USD,0.99987,0.99988,11-06-21 4:35:40
UST/USD,0.99987,0.99988,11-06-21 4:35:30
UST/USD,0.99987,0.99988,11-06-21 4:35:20
UST/USD,0.99987,0.99988,11-06-21 4:35:10
UST/USD,0.99987,0.99988,11-06-21 4:35:00
UST/USD,0.99987,0.99988,11-06-21 4:34:50
UST/USD,0.99987,0.99988,11-06-21 4:34:40
UST/USD,0.99987,0.99988,11-06-21 4:34:30
UST/USD,0.99987,0.99988,11-06-21 4:34:20
UST/USD,0.99987,0.99988,11-06-21 4:34:10
UST/USD,0.99987,0.99988,11-06-21 4:34:00
UST/USD,0.99987,0.99988,11-06-21 4:33:50
UST/USD,0.99987,0.99988,11-06-21 4:33:40
UST/USD,0.99987,0.99988,11-06-21 4:33:30
UST/USD,0.99986,0.99987,11-06-21 4:33:20
UST/USD,0.99986,0.99987,11-06-21 4:33:10
UST/USD,0.99986,0.99987,11-06-21 4:33:00
UST/USD,0.99986,0.99987,11-06-21 4:32:50
UST/USD,0.99986,0.99987,11-06-21 4:32:40
UST/USD,0.99986,0.99987,11-06-21 4:32:30
UST/USD,0.99986,0.99987,11-06-21 4:32:20
UST/USD,0.99986,0.99987,11-06-21 4:32:10
UST/USD,0.99986,0.99988,11-06-21 4:32:00
UST/USD,0.99986,0.99988,11-06-21 4:31:50
UST/USD,0.99986,0.99988,11-06-21 4:31:40
UST/USD,0.99986,0.99988,11-06-21 4:31:30
UST/USD,0.99986,0.99988,11-06-21 4:31:20
UST/USD,0.99986,0.99988,11-06-21 4:31:10
UST/USD,0.99987,0.99988,11-06-21 4:31:00
UST/USD,0.99987,0.99988,11-06-21 4:30:50
UST/USD,0.99987,0.99988,11-06-21 4:30:40
UST/USD,0.99987,0.99988,11-06-21 4:30:30
UST/USD,0.99987,0.99988,11-06-21 4:30:20
UST/USD,0.99986,0.99988,11-06-21 4:30:11
UST/USD,0.99986,0.99988,11-06-21 4:30:00
UST/USD,0.99986,0.99988,11-06-21 4:29:50
UST/USD,0.99986,0.99988,11-06-21 4:29:40
UST/USD,0.99986,0.99988,11-06-21 4:29:30
UST/USD,0.99986,0.99988,11-06-21 4:29:20
UST/USD,0.99986,0.99988,11-06-21 4:29:10
UST/USD,0.99986,0.99988,11-06-21 4:29:00
UST/USD,0.99986,0.99988,11-06-21 4:28:50
UST/USD,0.99986,0.99988,11-06-21 4:28:40
UST/USD,0.99986,0.99988,11-06-21 4:28:30
UST/USD,0.99986,0.99988,11-06-21 4:28:20
UST/USD,0.99986,0.99988,11-06-21 4:28:10
UST/USD,0.99986,0.99988,11-06-21 4:28:00
UST/USD,0.99986,0.99988,11-06-21 4:27:50
UST/USD,0.99986,0.99988,11-06-21 4:27:40
UST/USD,0.99986,0.99988,11-06-21 4:27:30
UST/USD,0.99986,0.99988,11-06-21 4:27:20
UST/USD,0.99986,0.99988,11-06-21 4:27:10
UST/USD,0.99986,0.99988,11-06-21 4:27:00
UST/USD,0.99986,0.99988,11-06-21 4:26:50
