PAIR,BID,ASK,TIME
LTC/USD,170.52,170.6,11-06-21 11:42:00
LTC/USD,170.44,170.52,11-06-21 11:41:50
LTC/USD,170.44,170.52,11-06-21 11:41:40
LTC/USD,170.44,170.52,11-06-21 11:41:30
LTC/USD,170.44,170.56,11-06-21 11:41:20
LTC/USD,170.44,170.56,11-06-21 11:41:10
LTC/USD,170.51,170.62,11-06-21 11:41:00
LTC/USD,170.46,170.58,11-06-21 11:40:50
LTC/USD,170.49,170.58,11-06-21 11:40:40
LTC/USD,170.48,170.59,11-06-21 11:40:30
LTC/USD,170.46,170.59,11-06-21 11:40:20
LTC/USD,170.53,170.61,11-06-21 11:40:10
LTC/USD,170.56,170.69,11-06-21 11:40:00
LTC/USD,170.54,170.56,11-06-21 11:39:50
LTC/USD,170.49,170.54,11-06-21 11:39:40
LTC/USD,170.37,170.44,11-06-21 11:39:30
LTC/USD,170.35,170.44,11-06-21 11:39:20
LTC/USD,170.39,170.45,11-06-21 11:39:10
LTC/USD,170.49,170.55,11-06-21 11:39:00
LTC/USD,170.49,170.54,11-06-21 11:38:50
LTC/USD,170.45,170.49,11-06-21 11:38:40
LTC/USD,170.37,170.4,11-06-21 11:38:30
LTC/USD,170.27,170.38,11-06-21 11:38:20
LTC/USD,170.29,170.42,11-06-21 11:38:10
LTC/USD,170.29,170.41,11-06-21 11:38:00
LTC/USD,170.29,170.41,11-06-21 11:37:50
LTC/USD,170.41,170.48,11-06-21 11:37:40
LTC/USD,170.47,170.49,11-06-21 11:37:30
LTC/USD,170.45,170.49,11-06-21 11:37:20
LTC/USD,170.41,170.46,11-06-21 11:37:10
LTC/USD,170.33,170.42,11-06-21 11:37:00
LTC/USD,170.33,170.4,11-06-21 11:36:50
LTC/USD,170.27,170.35,11-06-21 11:36:40
LTC/USD,170.27,170.35,11-06-21 11:36:30
LTC/USD,170.22,170.35,11-06-21 11:36:20
LTC/USD,170.28,170.38,11-06-21 11:36:10
LTC/USD,170.33,170.44,11-06-21 11:36:00
LTC/USD,170.18,170.2,11-06-21 11:35:50
LTC/USD,170.09,170.12,11-06-21 11:35:40
LTC/USD,170.1,170.12,11-06-21 11:35:30
LTC/USD,170.09,170.12,11-06-21 11:35:20
LTC/USD,170.01,170.12,11-06-21 11:35:10
LTC/USD,169.85,169.88,11-06-21 11:35:00
LTC/USD,169.93,169.94,11-06-21 11:34:50
LTC/USD,169.94,169.95,11-06-21 11:34:40
LTC/USD,169.94,169.95,11-06-21 11:34:30
LTC/USD,169.93,169.95,11-06-21 11:34:20
LTC/USD,169.91,169.95,11-06-21 11:34:10
LTC/USD,169.94,169.95,11-06-21 11:34:00
LTC/USD,169.93,169.95,11-06-21 11:33:50
LTC/USD,169.92,169.95,11-06-21 11:33:40
LTC/USD,169.94,169.95,11-06-21 11:33:30
LTC/USD,169.95,169.97,11-06-21 11:33:20
LTC/USD,169.95,169.98,11-06-21 11:33:10
LTC/USD,169.96,170,11-06-21 11:33:00
LTC/USD,169.95,170,11-06-21 11:32:50
LTC/USD,169.95,170.01,11-06-21 11:32:40
LTC/USD,170,170.02,11-06-21 11:32:30
LTC/USD,170.01,170.02,11-06-21 11:32:20
LTC/USD,170.01,170.02,11-06-21 11:32:10
LTC/USD,170,170.02,11-06-21 11:32:00
LTC/USD,170.01,170.02,11-06-21 11:31:50
LTC/USD,170,170.02,11-06-21 11:31:40
LTC/USD,169.99,170.02,11-06-21 11:31:30
LTC/USD,170.02,170.13,11-06-21 11:31:20
LTC/USD,170.09,170.2,11-06-21 11:31:10
LTC/USD,170.18,170.29,11-06-21 11:31:00
LTC/USD,170.33,170.42,11-06-21 11:30:50
LTC/USD,170.39,170.42,11-06-21 11:30:40
LTC/USD,170.35,170.42,11-06-21 11:30:30
LTC/USD,170.31,170.42,11-06-21 11:30:20
LTC/USD,170.32,170.36,11-06-21 11:30:10
LTC/USD,170.24,170.3,11-06-21 11:30:00
LTC/USD,170.14,170.27,11-06-21 11:29:50
LTC/USD,170.17,170.27,11-06-21 11:29:40
LTC/USD,170.3,170.38,11-06-21 11:29:30
LTC/USD,170.14,170.22,11-06-21 11:29:20
LTC/USD,170.14,170.21,11-06-21 11:29:10
LTC/USD,170.16,170.22,11-06-21 11:29:00
LTC/USD,170.08,170.15,11-06-21 11:28:50
LTC/USD,170.04,170.11,11-06-21 11:28:40
LTC/USD,170.14,170.21,11-06-21 11:28:30
LTC/USD,170.09,170.27,11-06-21 11:28:20
LTC/USD,170.13,170.25,11-06-21 11:28:10
LTC/USD,170.18,170.3,11-06-21 11:28:00
LTC/USD,170.01,170.02,11-06-21 11:27:50
LTC/USD,170.01,170.02,11-06-21 11:27:40
LTC/USD,169.97,169.99,11-06-21 11:27:30
LTC/USD,169.98,170.06,11-06-21 11:27:20
LTC/USD,169.97,170.01,11-06-21 11:27:10
LTC/USD,169.94,170.04,11-06-21 11:27:00
LTC/USD,170,170.1,11-06-21 11:26:50
LTC/USD,170.16,170.22,11-06-21 11:26:40
LTC/USD,170.13,170.22,11-06-21 11:26:30
LTC/USD,170.18,170.22,11-06-21 11:26:20
LTC/USD,170.17,170.22,11-06-21 11:26:10
LTC/USD,170.12,170.14,11-06-21 11:26:00
LTC/USD,170.12,170.14,11-06-21 11:25:50
LTC/USD,170.12,170.15,11-06-21 11:25:40
LTC/USD,170.15,170.22,11-06-21 11:25:30
LTC/USD,170.21,170.22,11-06-21 11:25:20
LTC/USD,170.21,170.22,11-06-21 11:25:10
LTC/USD,170.18,170.22,11-06-21 11:25:00
LTC/USD,170.11,170.22,11-06-21 11:24:50
LTC/USD,170.05,170.19,11-06-21 11:24:40
LTC/USD,169.97,170.04,11-06-21 11:24:30
LTC/USD,169.97,170.04,11-06-21 11:24:20
LTC/USD,170.14,170.22,11-06-21 11:24:10
LTC/USD,170.16,170.29,11-06-21 11:24:00
LTC/USD,170.15,170.29,11-06-21 11:23:50
LTC/USD,170.16,170.3,11-06-21 11:23:40
LTC/USD,170.21,170.35,11-06-21 11:23:30
LTC/USD,170.07,170.15,11-06-21 11:23:20
LTC/USD,170.08,170.18,11-06-21 11:23:10
LTC/USD,170.05,170.18,11-06-21 11:23:00
LTC/USD,170.06,170.19,11-06-21 11:22:50
LTC/USD,170.06,170.2,11-06-21 11:22:40
LTC/USD,170.17,170.31,11-06-21 11:22:30
LTC/USD,170.22,170.32,11-06-21 11:22:20
LTC/USD,170.06,170.14,11-06-21 11:22:10
LTC/USD,170.04,170.14,11-06-21 11:22:00
LTC/USD,170.07,170.14,11-06-21 11:21:50
LTC/USD,169.99,170.13,11-06-21 11:21:40
LTC/USD,170.01,170.16,11-06-21 11:21:30
LTC/USD,170.15,170.18,11-06-21 11:21:20
LTC/USD,170.33,170.46,11-06-21 11:21:10
LTC/USD,170.31,170.44,11-06-21 11:21:00
LTC/USD,170.2,170.36,11-06-21 11:20:50
LTC/USD,170.18,170.33,11-06-21 11:20:40
LTC/USD,170.24,170.33,11-06-21 11:20:30
LTC/USD,170.36,170.54,11-06-21 11:20:20
LTC/USD,170.27,170.4,11-06-21 11:20:10
LTC/USD,170.15,170.33,11-06-21 11:20:00
LTC/USD,170.14,170.29,11-06-21 11:19:50
LTC/USD,170.27,170.44,11-06-21 11:19:40
LTC/USD,170.24,170.39,11-06-21 11:19:30
LTC/USD,170.23,170.4,11-06-21 11:19:20
LTC/USD,170.33,170.5,11-06-21 11:19:10
LTC/USD,170.08,170.28,11-06-21 11:19:00
LTC/USD,170.62,170.63,11-06-21 11:18:50
LTC/USD,170.7,170.78,11-06-21 11:18:40
LTC/USD,170.7,170.73,11-06-21 11:18:30
LTC/USD,170.66,170.72,11-06-21 11:18:20
LTC/USD,170.92,171.04,11-06-21 11:18:10
LTC/USD,171,171.12,11-06-21 11:18:00
LTC/USD,171.06,171.16,11-06-21 11:17:50
LTC/USD,171.2,171.28,11-06-21 11:17:40
LTC/USD,171.22,171.28,11-06-21 11:17:30
LTC/USD,171.19,171.28,11-06-21 11:17:20
LTC/USD,171.17,171.24,11-06-21 11:17:10
LTC/USD,171.06,171.14,11-06-21 11:17:00
LTC/USD,170.99,171.12,11-06-21 11:16:50
LTC/USD,171.02,171.1,11-06-21 11:16:40
LTC/USD,170.99,171.09,11-06-21 11:16:30
LTC/USD,170.96,171.08,11-06-21 11:16:20
LTC/USD,170.99,171.09,11-06-21 11:16:10
LTC/USD,171.06,171.18,11-06-21 11:16:00
LTC/USD,171.09,171.2,11-06-21 11:15:50
LTC/USD,171.11,171.2,11-06-21 11:15:40
LTC/USD,171.07,171.17,11-06-21 11:15:30
LTC/USD,171.01,171.1,11-06-21 11:15:20
LTC/USD,171,171.12,11-06-21 11:15:10
LTC/USD,171.03,171.14,11-06-21 11:15:00
LTC/USD,171.03,171.14,11-06-21 11:14:50
LTC/USD,171.03,171.14,11-06-21 11:14:40
LTC/USD,171.02,171.14,11-06-21 11:14:30
LTC/USD,170.96,171.03,11-06-21 11:14:20
LTC/USD,170.96,171.03,11-06-21 11:14:10
LTC/USD,170.97,171.03,11-06-21 11:14:00
LTC/USD,170.97,171.03,11-06-21 11:13:50
LTC/USD,170.92,171.02,11-06-21 11:13:40
LTC/USD,170.88,170.97,11-06-21 11:13:30
LTC/USD,170.87,170.96,11-06-21 11:13:20
LTC/USD,170.93,170.94,11-06-21 11:13:10
LTC/USD,170.87,170.94,11-06-21 11:13:00
LTC/USD,170.87,170.93,11-06-21 11:12:50
LTC/USD,170.87,170.92,11-06-21 11:12:40
LTC/USD,170.87,170.94,11-06-21 11:12:30
LTC/USD,170.88,170.98,11-06-21 11:12:20
LTC/USD,171.01,171.04,11-06-21 11:12:10
LTC/USD,171.12,171.2,11-06-21 11:12:00
LTC/USD,171.14,171.22,11-06-21 11:11:50
LTC/USD,171.16,171.27,11-06-21 11:11:40
LTC/USD,171.18,171.28,11-06-21 11:11:30
LTC/USD,171.18,171.28,11-06-21 11:11:20
LTC/USD,171.17,171.28,11-06-21 11:11:10
LTC/USD,171.26,171.28,11-06-21 11:11:00
LTC/USD,171.21,171.34,11-06-21 11:10:50
LTC/USD,171.16,171.22,11-06-21 11:10:40
LTC/USD,171.14,171.23,11-06-21 11:10:30
LTC/USD,171.17,171.28,11-06-21 11:10:20
LTC/USD,171.14,171.28,11-06-21 11:10:10
LTC/USD,171.19,171.29,11-06-21 11:10:00
LTC/USD,171.18,171.28,11-06-21 11:09:50
LTC/USD,171.22,171.29,11-06-21 11:09:40
LTC/USD,171.19,171.28,11-06-21 11:09:30
LTC/USD,171.21,171.28,11-06-21 11:09:20
LTC/USD,171.25,171.29,11-06-21 11:09:10
LTC/USD,171.18,171.29,11-06-21 11:09:00
LTC/USD,171.26,171.33,11-06-21 11:08:50
LTC/USD,171.27,171.34,11-06-21 11:08:40
LTC/USD,171.26,171.34,11-06-21 11:08:30
LTC/USD,171.33,171.41,11-06-21 11:08:20
LTC/USD,171.51,171.54,11-06-21 11:08:10
LTC/USD,171.51,171.54,11-06-21 11:08:00
LTC/USD,171.52,171.6,11-06-21 11:07:50
LTC/USD,171.51,171.6,11-06-21 11:07:40
LTC/USD,171.51,171.61,11-06-21 11:07:30
LTC/USD,171.54,171.6,11-06-21 11:07:20
LTC/USD,171.63,171.68,11-06-21 11:07:10
LTC/USD,171.65,171.71,11-06-21 11:07:00
LTC/USD,171.67,171.73,11-06-21 11:06:50
LTC/USD,171.69,171.73,11-06-21 11:06:40
LTC/USD,171.69,171.73,11-06-21 11:06:30
LTC/USD,171.67,171.72,11-06-21 11:06:20
LTC/USD,171.66,171.73,11-06-21 11:06:10
LTC/USD,171.66,171.75,11-06-21 11:06:00
LTC/USD,171.69,171.74,11-06-21 11:05:50
LTC/USD,171.74,171.83,11-06-21 11:05:40
LTC/USD,171.79,171.8,11-06-21 11:05:30
LTC/USD,171.79,171.8,11-06-21 11:05:20
LTC/USD,171.8,171.81,11-06-21 11:05:10
LTC/USD,171.8,171.81,11-06-21 11:05:00
LTC/USD,171.81,171.82,11-06-21 11:04:50
LTC/USD,171.85,171.86,11-06-21 11:04:40
LTC/USD,171.98,171.99,11-06-21 11:04:30
LTC/USD,171.98,171.99,11-06-21 11:04:20
LTC/USD,171.98,171.99,11-06-21 11:04:10
LTC/USD,171.98,171.99,11-06-21 11:04:00
LTC/USD,171.98,171.99,11-06-21 11:03:50
LTC/USD,171.98,171.99,11-06-21 11:03:40
LTC/USD,171.98,171.99,11-06-21 11:03:30
LTC/USD,171.98,171.99,11-06-21 11:03:20
LTC/USD,171.98,171.99,11-06-21 11:03:10
LTC/USD,171.98,171.99,11-06-21 11:03:00
LTC/USD,171.98,171.99,11-06-21 11:02:50
LTC/USD,171.98,171.99,11-06-21 11:02:40
LTC/USD,171.98,171.99,11-06-21 11:02:30
LTC/USD,171.98,171.99,11-06-21 11:02:20
LTC/USD,171.98,171.99,11-06-21 11:02:10
LTC/USD,171.98,171.99,11-06-21 11:02:00
LTC/USD,171.98,171.99,11-06-21 11:01:50
LTC/USD,171.99,172.14,11-06-21 11:01:40
LTC/USD,171.52,171.64,11-06-21 11:01:30
LTC/USD,171.58,171.7,11-06-21 11:01:20
LTC/USD,171.69,171.73,11-06-21 11:01:10
LTC/USD,171.74,171.78,11-06-21 11:01:00
LTC/USD,171.79,171.81,11-06-21 11:00:50
LTC/USD,171.76,171.78,11-06-21 11:00:40
LTC/USD,171.74,171.8,11-06-21 11:00:30
LTC/USD,171.76,171.79,11-06-21 11:00:20
LTC/USD,171.78,171.88,11-06-21 11:00:10
LTC/USD,171.53,171.63,11-06-21 11:00:00
LTC/USD,171.54,171.62,11-06-21 10:59:50
LTC/USD,171.59,171.65,11-06-21 10:59:40
LTC/USD,171.59,171.66,11-06-21 10:59:30
LTC/USD,171.55,171.61,11-06-21 10:59:20
LTC/USD,171.53,171.61,11-06-21 10:59:10
LTC/USD,171.49,171.6,11-06-21 10:59:00
LTC/USD,171.53,171.62,11-06-21 10:58:50
LTC/USD,171.55,171.63,11-06-21 10:58:40
LTC/USD,171.51,171.58,11-06-21 10:58:30
LTC/USD,171.46,171.56,11-06-21 10:58:20
LTC/USD,171.45,171.56,11-06-21 10:58:10
LTC/USD,171.42,171.5,11-06-21 10:58:00
LTC/USD,171.47,171.54,11-06-21 10:57:50
LTC/USD,171.49,171.6,11-06-21 10:57:40
LTC/USD,171.49,171.57,11-06-21 10:57:30
LTC/USD,171.44,171.55,11-06-21 10:57:20
LTC/USD,171.44,171.55,11-06-21 10:57:10
LTC/USD,171.42,171.54,11-06-21 10:57:00
LTC/USD,171.44,171.55,11-06-21 10:56:50
LTC/USD,171.42,171.55,11-06-21 10:56:40
LTC/USD,171.43,171.55,11-06-21 10:56:30
LTC/USD,171.44,171.55,11-06-21 10:56:20
LTC/USD,171.49,171.6,11-06-21 10:56:10
LTC/USD,171.58,171.7,11-06-21 10:56:00
LTC/USD,171.64,171.71,11-06-21 10:55:50
LTC/USD,171.63,171.71,11-06-21 10:55:40
LTC/USD,171.73,171.79,11-06-21 10:55:30
LTC/USD,171.75,171.84,11-06-21 10:55:20
LTC/USD,171.69,171.7,11-06-21 10:55:10
LTC/USD,171.67,171.74,11-06-21 10:55:00
LTC/USD,171.69,171.75,11-06-21 10:54:50
LTC/USD,171.71,171.78,11-06-21 10:54:40
LTC/USD,171.69,171.79,11-06-21 10:54:30
LTC/USD,171.67,171.76,11-06-21 10:54:20
LTC/USD,171.56,171.65,11-06-21 10:54:10
LTC/USD,171.54,171.63,11-06-21 10:54:00
LTC/USD,171.56,171.65,11-06-21 10:53:50
LTC/USD,171.56,171.64,11-06-21 10:53:40
LTC/USD,171.56,171.65,11-06-21 10:53:30
LTC/USD,171.53,171.63,11-06-21 10:53:20
LTC/USD,171.57,171.66,11-06-21 10:53:10
LTC/USD,171.59,171.67,11-06-21 10:53:00
LTC/USD,171.59,171.66,11-06-21 10:52:50
LTC/USD,171.54,171.66,11-06-21 10:52:40
LTC/USD,171.54,171.66,11-06-21 10:52:30
LTC/USD,171.5,171.6,11-06-21 10:52:20
LTC/USD,171.45,171.58,11-06-21 10:52:10
LTC/USD,171.53,171.65,11-06-21 10:52:00
LTC/USD,171.47,171.58,11-06-21 10:51:50
LTC/USD,171.47,171.58,11-06-21 10:51:40
LTC/USD,171.48,171.59,11-06-21 10:51:30
LTC/USD,171.47,171.59,11-06-21 10:51:20
LTC/USD,171.36,171.5,11-06-21 10:51:10
LTC/USD,171.29,171.43,11-06-21 10:51:00
LTC/USD,171.37,171.51,11-06-21 10:50:50
LTC/USD,171.29,171.43,11-06-21 10:50:40
LTC/USD,171.29,171.43,11-06-21 10:50:30
LTC/USD,171.26,171.36,11-06-21 10:50:20
LTC/USD,171.36,171.5,11-06-21 10:50:10
LTC/USD,171.43,171.53,11-06-21 10:50:00
LTC/USD,171.37,171.49,11-06-21 10:49:50
LTC/USD,171.43,171.56,11-06-21 10:49:40
LTC/USD,171.43,171.53,11-06-21 10:49:30
LTC/USD,171.46,171.56,11-06-21 10:49:20
LTC/USD,171.47,171.56,11-06-21 10:49:10
LTC/USD,171.47,171.57,11-06-21 10:49:00
LTC/USD,171.53,171.62,11-06-21 10:48:50
LTC/USD,171.53,171.62,11-06-21 10:48:40
LTC/USD,171.59,171.65,11-06-21 10:48:30
LTC/USD,171.6,171.65,11-06-21 10:48:20
LTC/USD,171.55,171.64,11-06-21 10:48:10
LTC/USD,171.48,171.55,11-06-21 10:48:00
LTC/USD,171.48,171.6,11-06-21 10:47:50
LTC/USD,171.47,171.59,11-06-21 10:47:40
LTC/USD,171.44,171.53,11-06-21 10:47:30
LTC/USD,171.44,171.48,11-06-21 10:47:20
LTC/USD,171.43,171.48,11-06-21 10:47:10
LTC/USD,171.4,171.43,11-06-21 10:47:00
LTC/USD,171.39,171.44,11-06-21 10:46:50
LTC/USD,171.4,171.42,11-06-21 10:46:40
LTC/USD,171.43,171.47,11-06-21 10:46:30
LTC/USD,171.37,171.44,11-06-21 10:46:20
LTC/USD,171.41,171.52,11-06-21 10:46:10
LTC/USD,171.51,171.58,11-06-21 10:46:00
LTC/USD,171.61,171.73,11-06-21 10:45:50
LTC/USD,171.7,171.84,11-06-21 10:45:40
LTC/USD,171.92,171.97,11-06-21 10:45:30
LTC/USD,172.05,172.11,11-06-21 10:45:20
LTC/USD,172.1,172.11,11-06-21 10:45:10
LTC/USD,171.98,171.99,11-06-21 10:45:00
LTC/USD,171.89,171.9,11-06-21 10:44:50
LTC/USD,171.89,171.9,11-06-21 10:44:40
LTC/USD,171.89,171.9,11-06-21 10:44:30
LTC/USD,171.89,171.9,11-06-21 10:44:20
LTC/USD,171.89,171.9,11-06-21 10:44:10
LTC/USD,171.82,171.83,11-06-21 10:44:00
LTC/USD,171.82,171.83,11-06-21 10:43:50
LTC/USD,171.82,171.83,11-06-21 10:43:40
LTC/USD,171.68,171.69,11-06-21 10:43:30
LTC/USD,171.68,171.69,11-06-21 10:43:20
LTC/USD,171.68,171.69,11-06-21 10:43:10
LTC/USD,171.68,171.69,11-06-21 10:43:00
LTC/USD,171.68,171.69,11-06-21 10:42:50
LTC/USD,171.68,171.69,11-06-21 10:42:40
LTC/USD,171.68,171.69,11-06-21 10:42:30
LTC/USD,171.67,171.69,11-06-21 10:42:20
LTC/USD,171.68,171.69,11-06-21 10:42:10
LTC/USD,171.68,171.69,11-06-21 10:42:00
LTC/USD,171.68,171.69,11-06-21 10:41:50
LTC/USD,171.68,171.69,11-06-21 10:41:40
LTC/USD,171.68,171.69,11-06-21 10:41:30
LTC/USD,171.6,171.69,11-06-21 10:41:20
LTC/USD,171.68,171.69,11-06-21 10:41:10
LTC/USD,171.59,171.63,11-06-21 10:41:00
LTC/USD,171.57,171.64,11-06-21 10:40:50
LTC/USD,171.63,171.69,11-06-21 10:40:40
LTC/USD,171.57,171.63,11-06-21 10:40:30
LTC/USD,171.51,171.58,11-06-21 10:40:20
LTC/USD,171.52,171.6,11-06-21 10:40:10
LTC/USD,171.56,171.64,11-06-21 10:40:00
LTC/USD,171.56,171.66,11-06-21 10:39:50
LTC/USD,171.59,171.69,11-06-21 10:39:40
LTC/USD,171.52,171.62,11-06-21 10:39:30
LTC/USD,171.38,171.5,11-06-21 10:39:20
LTC/USD,171.38,171.51,11-06-21 10:39:10
LTC/USD,171.39,171.5,11-06-21 10:39:00
LTC/USD,171.41,171.48,11-06-21 10:38:50
LTC/USD,171.41,171.51,11-06-21 10:38:40
LTC/USD,171.33,171.44,11-06-21 10:38:30
LTC/USD,171.38,171.49,11-06-21 10:38:20
LTC/USD,171.39,171.49,11-06-21 10:38:10
LTC/USD,171.43,171.53,11-06-21 10:38:00
LTC/USD,171.46,171.53,11-06-21 10:37:50
LTC/USD,171.5,171.6,11-06-21 10:37:40
LTC/USD,171.49,171.62,11-06-21 10:37:30
LTC/USD,171.39,171.48,11-06-21 10:37:20
LTC/USD,171.34,171.44,11-06-21 10:37:10
LTC/USD,171.41,171.46,11-06-21 10:37:00
LTC/USD,171.39,171.49,11-06-21 10:36:50
LTC/USD,171.37,171.49,11-06-21 10:36:40
LTC/USD,171.37,171.48,11-06-21 10:36:30
LTC/USD,171.22,171.34,11-06-21 10:36:20
LTC/USD,171.22,171.32,11-06-21 10:36:10
LTC/USD,171.22,171.31,11-06-21 10:36:00
LTC/USD,171.25,171.37,11-06-21 10:35:50
LTC/USD,171.14,171.22,11-06-21 10:35:40
LTC/USD,171.13,171.23,11-06-21 10:35:30
LTC/USD,171.1,171.2,11-06-21 10:35:20
LTC/USD,171.05,171.15,11-06-21 10:35:10
LTC/USD,171.13,171.23,11-06-21 10:35:00
LTC/USD,171.09,171.22,11-06-21 10:34:50
LTC/USD,171.06,171.16,11-06-21 10:34:40
LTC/USD,171,171.05,11-06-21 10:34:30
LTC/USD,171.03,171.05,11-06-21 10:34:20
LTC/USD,170.91,171.05,11-06-21 10:34:10
LTC/USD,171.09,171.17,11-06-21 10:34:00
LTC/USD,171.11,171.17,11-06-21 10:33:50
LTC/USD,171.03,171.16,11-06-21 10:33:40
LTC/USD,171.1,171.17,11-06-21 10:33:30
LTC/USD,171.09,171.17,11-06-21 10:33:20
LTC/USD,171.1,171.2,11-06-21 10:33:10
LTC/USD,171.1,171.21,11-06-21 10:33:00
LTC/USD,171.04,171.2,11-06-21 10:32:50
LTC/USD,171.11,171.22,11-06-21 10:32:40
LTC/USD,171.15,171.24,11-06-21 10:32:30
LTC/USD,170.82,170.88,11-06-21 10:32:20
LTC/USD,170.66,170.67,11-06-21 10:32:10
LTC/USD,170.57,170.67,11-06-21 10:32:00
LTC/USD,170.57,170.67,11-06-21 10:31:50
LTC/USD,170.61,170.75,11-06-21 10:31:40
LTC/USD,170.67,170.76,11-06-21 10:31:30
LTC/USD,170.69,170.76,11-06-21 10:31:20
LTC/USD,170.67,170.76,11-06-21 10:31:10
LTC/USD,170.65,170.75,11-06-21 10:31:00
LTC/USD,170.8,170.9,11-06-21 10:30:50
LTC/USD,170.82,170.94,11-06-21 10:30:40
LTC/USD,170.8,170.91,11-06-21 10:30:30
LTC/USD,170.96,171.09,11-06-21 10:30:20
LTC/USD,171.07,171.18,11-06-21 10:30:10
LTC/USD,171.03,171.13,11-06-21 10:30:00
LTC/USD,171,171.14,11-06-21 10:29:50
LTC/USD,171.03,171.14,11-06-21 10:29:40
LTC/USD,170.96,171.07,11-06-21 10:29:30
LTC/USD,171.09,171.2,11-06-21 10:29:20
LTC/USD,171.06,171.18,11-06-21 10:29:10
LTC/USD,171.06,171.16,11-06-21 10:29:00
LTC/USD,171.09,171.19,11-06-21 10:28:50
LTC/USD,171.08,171.2,11-06-21 10:28:40
LTC/USD,171.1,171.22,11-06-21 10:28:30
LTC/USD,171.03,171.12,11-06-21 10:28:20
LTC/USD,171.03,171.12,11-06-21 10:28:10
LTC/USD,170.94,171.04,11-06-21 10:28:00
LTC/USD,170.97,171.09,11-06-21 10:27:50
LTC/USD,171.02,171.12,11-06-21 10:27:40
LTC/USD,171.05,171.14,11-06-21 10:27:30
LTC/USD,171.07,171.19,11-06-21 10:27:20
LTC/USD,171.02,171.12,11-06-21 10:27:10
LTC/USD,170.99,171.1,11-06-21 10:27:00
LTC/USD,171.09,171.18,11-06-21 10:26:50
LTC/USD,171.12,171.22,11-06-21 10:26:40
LTC/USD,171.12,171.22,11-06-21 10:26:30
LTC/USD,171.22,171.26,11-06-21 10:26:20
LTC/USD,171.23,171.31,11-06-21 10:26:10
LTC/USD,171.25,171.31,11-06-21 10:26:00
LTC/USD,171.24,171.31,11-06-21 10:25:50
LTC/USD,171.22,171.29,11-06-21 10:25:40
LTC/USD,171.22,171.25,11-06-21 10:25:30
LTC/USD,171.22,171.29,11-06-21 10:25:20
LTC/USD,171.21,171.29,11-06-21 10:25:10
LTC/USD,171.14,171.24,11-06-21 10:25:00
LTC/USD,171,171.11,11-06-21 10:24:50
LTC/USD,171,171.1,11-06-21 10:24:40
LTC/USD,170.91,170.98,11-06-21 10:24:30
LTC/USD,171.01,171.07,11-06-21 10:24:20
LTC/USD,171.01,171.07,11-06-21 10:24:10
LTC/USD,171.06,171.13,11-06-21 10:24:00
LTC/USD,171.06,171.11,11-06-21 10:23:50
LTC/USD,171.14,171.23,11-06-21 10:23:40
LTC/USD,171.13,171.25,11-06-21 10:23:30
LTC/USD,171.14,171.25,11-06-21 10:23:20
LTC/USD,171.18,171.29,11-06-21 10:23:10
LTC/USD,171.1,171.18,11-06-21 10:23:00
LTC/USD,171.1,171.21,11-06-21 10:22:50
LTC/USD,171.16,171.29,11-06-21 10:22:40
LTC/USD,171.14,171.25,11-06-21 10:22:30
LTC/USD,171.04,171.17,11-06-21 10:22:20
LTC/USD,171.04,171.17,11-06-21 10:22:10
LTC/USD,171.04,171.15,11-06-21 10:22:00
LTC/USD,171.09,171.18,11-06-21 10:21:50
LTC/USD,171.01,171.15,11-06-21 10:21:40
LTC/USD,171.01,171.13,11-06-21 10:21:30
LTC/USD,171.01,171.12,11-06-21 10:21:20
LTC/USD,170.87,171.03,11-06-21 10:21:10
LTC/USD,170.82,170.98,11-06-21 10:21:00
LTC/USD,170.8,170.93,11-06-21 10:20:50
LTC/USD,170.81,170.94,11-06-21 10:20:40
LTC/USD,170.75,170.89,11-06-21 10:20:30
LTC/USD,170.79,170.9,11-06-21 10:20:20
LTC/USD,170.93,171.05,11-06-21 10:20:10
LTC/USD,170.96,171.1,11-06-21 10:20:00
LTC/USD,170.99,171.07,11-06-21 10:19:50
LTC/USD,170.91,171.04,11-06-21 10:19:40
LTC/USD,170.93,171.02,11-06-21 10:19:30
LTC/USD,170.77,170.91,11-06-21 10:19:20
LTC/USD,170.71,170.84,11-06-21 10:19:10
LTC/USD,170.71,170.9,11-06-21 10:19:00
LTC/USD,170.71,170.84,11-06-21 10:18:50
LTC/USD,170.81,170.93,11-06-21 10:18:40
LTC/USD,170.87,170.98,11-06-21 10:18:30
LTC/USD,170.69,170.81,11-06-21 10:18:20
LTC/USD,170.6,170.66,11-06-21 10:18:10
LTC/USD,170.6,170.63,11-06-21 10:18:00
LTC/USD,170.53,170.63,11-06-21 10:17:50
LTC/USD,170.45,170.52,11-06-21 10:17:40
LTC/USD,170.45,170.51,11-06-21 10:17:30
LTC/USD,170.45,170.52,11-06-21 10:17:20
LTC/USD,170.49,170.6,11-06-21 10:17:10
LTC/USD,170.45,170.51,11-06-21 10:17:00
LTC/USD,170.62,170.63,11-06-21 10:16:50
LTC/USD,170.62,170.63,11-06-21 10:16:40
LTC/USD,170.62,170.68,11-06-21 10:16:30
LTC/USD,170.62,170.64,11-06-21 10:16:20
LTC/USD,170.67,170.75,11-06-21 10:16:10
LTC/USD,170.66,170.77,11-06-21 10:16:00
LTC/USD,170.7,170.83,11-06-21 10:15:50
LTC/USD,170.75,170.87,11-06-21 10:15:40
LTC/USD,170.87,170.98,11-06-21 10:15:30
LTC/USD,170.98,171.08,11-06-21 10:15:20
LTC/USD,170.97,171.08,11-06-21 10:15:10
LTC/USD,170.84,170.95,11-06-21 10:15:00
LTC/USD,170.89,171.03,11-06-21 10:14:50
LTC/USD,170.95,171.06,11-06-21 10:14:40
LTC/USD,170.91,171.05,11-06-21 10:14:30
LTC/USD,170.83,170.95,11-06-21 10:14:20
LTC/USD,170.92,171.04,11-06-21 10:14:10
LTC/USD,170.87,170.99,11-06-21 10:14:00
LTC/USD,170.81,170.94,11-06-21 10:13:50
LTC/USD,170.84,171,11-06-21 10:13:40
LTC/USD,170.9,171.02,11-06-21 10:13:30
LTC/USD,170.84,170.93,11-06-21 10:13:20
LTC/USD,170.7,170.86,11-06-21 10:13:10
LTC/USD,170.77,170.92,11-06-21 10:13:00
LTC/USD,170.66,170.72,11-06-21 10:12:50
LTC/USD,170.66,170.73,11-06-21 10:12:40
LTC/USD,170.68,170.87,11-06-21 10:12:30
LTC/USD,170.94,171.03,11-06-21 10:12:20
LTC/USD,171.08,171.19,11-06-21 10:12:10
LTC/USD,171.15,171.23,11-06-21 10:12:00
LTC/USD,171.22,171.27,11-06-21 10:11:50
LTC/USD,171.15,171.25,11-06-21 10:11:40
LTC/USD,171.08,171.21,11-06-21 10:11:30
LTC/USD,171.09,171.19,11-06-21 10:11:20
LTC/USD,171.09,171.22,11-06-21 10:11:10
LTC/USD,171.25,171.29,11-06-21 10:11:00
LTC/USD,171.22,171.29,11-06-21 10:10:50
LTC/USD,171.09,171.23,11-06-21 10:10:40
LTC/USD,171.08,171.19,11-06-21 10:10:30
LTC/USD,171.12,171.23,11-06-21 10:10:20
LTC/USD,171.08,171.21,11-06-21 10:10:10
LTC/USD,171.11,171.26,11-06-21 10:10:00
LTC/USD,171.08,171.15,11-06-21 10:09:50
LTC/USD,171.08,171.11,11-06-21 10:09:40
LTC/USD,171.08,171.25,11-06-21 10:09:30
LTC/USD,171.24,171.29,11-06-21 10:09:20
LTC/USD,171.28,171.29,11-06-21 10:09:10
LTC/USD,171.24,171.29,11-06-21 10:09:00
LTC/USD,171.21,171.29,11-06-21 10:08:50
LTC/USD,171.16,171.29,11-06-21 10:08:40
LTC/USD,171.14,171.29,11-06-21 10:08:30
LTC/USD,171.14,171.28,11-06-21 10:08:20
LTC/USD,171.2,171.29,11-06-21 10:08:10
LTC/USD,171.11,171.22,11-06-21 10:08:00
LTC/USD,171.09,171.22,11-06-21 10:07:50
LTC/USD,171.08,171.17,11-06-21 10:07:40
LTC/USD,171.08,171.29,11-06-21 10:07:30
LTC/USD,171.29,171.42,11-06-21 10:07:20
LTC/USD,171.29,171.5,11-06-21 10:07:10
LTC/USD,171.53,171.63,11-06-21 10:07:00
LTC/USD,171.62,171.75,11-06-21 10:06:50
LTC/USD,171.68,171.81,11-06-21 10:06:40
LTC/USD,171.74,171.9,11-06-21 10:06:30
LTC/USD,171.8,172.05,11-06-21 10:06:20
LTC/USD,171.89,172.08,11-06-21 10:06:10
LTC/USD,171.74,171.84,11-06-21 10:06:00
LTC/USD,171.56,171.67,11-06-21 10:05:50
LTC/USD,172,172.13,11-06-21 10:05:40
LTC/USD,172.11,172.36,11-06-21 10:05:30
LTC/USD,172.15,172.24,11-06-21 10:05:20
LTC/USD,172.2,172.42,11-06-21 10:05:10
LTC/USD,172.11,172.32,11-06-21 10:05:00
LTC/USD,172.27,172.43,11-06-21 10:04:50
LTC/USD,172.2,172.32,11-06-21 10:04:40
LTC/USD,171.7,171.88,11-06-21 10:04:30
LTC/USD,171.23,171.44,11-06-21 10:04:20
LTC/USD,170.98,171.05,11-06-21 10:04:10
LTC/USD,170.89,171.01,11-06-21 10:04:00
LTC/USD,170.96,171.06,11-06-21 10:03:50
LTC/USD,171.09,171.19,11-06-21 10:03:40
LTC/USD,171.1,171.2,11-06-21 10:03:30
LTC/USD,171.13,171.2,11-06-21 10:03:20
LTC/USD,171.11,171.2,11-06-21 10:03:10
LTC/USD,171.18,171.2,11-06-21 10:03:00
LTC/USD,171.18,171.2,11-06-21 10:02:50
LTC/USD,171.16,171.2,11-06-21 10:02:40
LTC/USD,171.09,171.2,11-06-21 10:02:30
LTC/USD,171.1,171.2,11-06-21 10:02:20
LTC/USD,171.23,171.28,11-06-21 10:02:10
LTC/USD,171.3,171.35,11-06-21 10:02:00
LTC/USD,171.19,171.2,11-06-21 10:01:50
LTC/USD,171.19,171.2,11-06-21 10:01:40
LTC/USD,171.11,171.2,11-06-21 10:01:30
LTC/USD,171.07,171.2,11-06-21 10:01:20
LTC/USD,170.92,170.95,11-06-21 10:01:10
LTC/USD,170.91,170.95,11-06-21 10:01:00
LTC/USD,170.91,170.95,11-06-21 10:00:50
LTC/USD,170.86,170.95,11-06-21 10:00:40
LTC/USD,170.88,170.98,11-06-21 10:00:30
LTC/USD,170.88,171.01,11-06-21 10:00:20
LTC/USD,170.76,170.92,11-06-21 10:00:10
LTC/USD,170.63,170.71,11-06-21 10:00:00
LTC/USD,170.59,170.66,11-06-21 09:59:50
LTC/USD,170.59,170.69,11-06-21 09:59:40
LTC/USD,170.55,170.65,11-06-21 09:59:30
LTC/USD,170.55,170.67,11-06-21 09:59:20
LTC/USD,170.62,170.72,11-06-21 09:59:10
LTC/USD,170.62,170.73,11-06-21 09:59:00
LTC/USD,170.54,170.65,11-06-21 09:58:50
LTC/USD,170.62,170.75,11-06-21 09:58:40
LTC/USD,170.62,170.75,11-06-21 09:58:30
LTC/USD,170.69,170.82,11-06-21 09:58:20
LTC/USD,170.69,170.84,11-06-21 09:58:10
LTC/USD,170.71,170.88,11-06-21 09:58:00
LTC/USD,170.66,170.8,11-06-21 09:57:50
LTC/USD,170.81,170.94,11-06-21 09:57:40
LTC/USD,170.8,170.87,11-06-21 09:57:30
LTC/USD,170.56,170.65,11-06-21 09:57:20
LTC/USD,170.44,170.55,11-06-21 09:57:10
LTC/USD,170.41,170.51,11-06-21 09:57:00
LTC/USD,170.41,170.52,11-06-21 09:56:50
LTC/USD,170.41,170.52,11-06-21 09:56:40
LTC/USD,170.42,170.56,11-06-21 09:56:30
LTC/USD,170.47,170.61,11-06-21 09:56:20
LTC/USD,170.47,170.62,11-06-21 09:56:10
LTC/USD,170.49,170.62,11-06-21 09:56:00
LTC/USD,170.47,170.62,11-06-21 09:55:50
LTC/USD,170.45,170.57,11-06-21 09:55:40
LTC/USD,170.45,170.53,11-06-21 09:55:30
LTC/USD,170.63,170.71,11-06-21 09:55:20
LTC/USD,170.63,170.76,11-06-21 09:55:10
LTC/USD,170.62,170.71,11-06-21 09:55:00
LTC/USD,170.62,170.7,11-06-21 09:54:50
LTC/USD,170.62,170.68,11-06-21 09:54:40
LTC/USD,170.62,170.71,11-06-21 09:54:30
LTC/USD,170.62,170.64,11-06-21 09:54:20
LTC/USD,170.62,170.64,11-06-21 09:54:10
LTC/USD,170.62,170.65,11-06-21 09:54:00
LTC/USD,170.62,170.68,11-06-21 09:53:50
LTC/USD,170.62,170.64,11-06-21 09:53:40
LTC/USD,170.62,170.63,11-06-21 09:53:30
LTC/USD,170.62,170.64,11-06-21 09:53:20
LTC/USD,170.62,170.63,11-06-21 09:53:10
LTC/USD,170.62,170.65,11-06-21 09:53:00
LTC/USD,170.66,170.68,11-06-21 09:52:50
LTC/USD,170.66,170.68,11-06-21 09:52:40
LTC/USD,170.66,170.74,11-06-21 09:52:30
LTC/USD,170.69,170.71,11-06-21 09:52:20
LTC/USD,170.69,170.71,11-06-21 09:52:10
LTC/USD,170.69,170.71,11-06-21 09:52:00
LTC/USD,170.69,170.72,11-06-21 09:51:50
LTC/USD,170.69,170.75,11-06-21 09:51:40
LTC/USD,170.69,170.72,11-06-21 09:51:30
LTC/USD,170.78,170.8,11-06-21 09:51:20
LTC/USD,170.78,170.85,11-06-21 09:51:10
LTC/USD,170.78,170.87,11-06-21 09:51:00
LTC/USD,170.88,170.96,11-06-21 09:50:50
LTC/USD,170.87,170.99,11-06-21 09:50:40
LTC/USD,170.93,171.01,11-06-21 09:50:30
LTC/USD,170.85,170.93,11-06-21 09:50:20
LTC/USD,170.87,170.94,11-06-21 09:50:10
LTC/USD,170.91,171,11-06-21 09:50:00
LTC/USD,170.94,171.03,11-06-21 09:49:50
LTC/USD,170.94,171.06,11-06-21 09:49:40
LTC/USD,170.92,171.01,11-06-21 09:49:30
LTC/USD,170.88,170.97,11-06-21 09:49:20
LTC/USD,170.89,170.98,11-06-21 09:49:10
LTC/USD,170.87,170.95,11-06-21 09:49:00
LTC/USD,170.91,170.98,11-06-21 09:48:50
LTC/USD,170.87,170.95,11-06-21 09:48:40
LTC/USD,170.87,170.95,11-06-21 09:48:30
LTC/USD,170.87,170.94,11-06-21 09:48:20
LTC/USD,170.92,170.99,11-06-21 09:48:10
LTC/USD,170.99,171.11,11-06-21 09:48:00
LTC/USD,170.98,171.06,11-06-21 09:47:50
LTC/USD,170.9,170.96,11-06-21 09:47:40
LTC/USD,170.91,170.96,11-06-21 09:47:30
LTC/USD,170.9,170.96,11-06-21 09:47:20
LTC/USD,170.87,170.96,11-06-21 09:47:10
LTC/USD,170.87,170.96,11-06-21 09:47:00
LTC/USD,170.88,170.98,11-06-21 09:46:50
LTC/USD,170.97,171.07,11-06-21 09:46:40
LTC/USD,171.08,171.18,11-06-21 09:46:30
LTC/USD,171.08,171.18,11-06-21 09:46:20
LTC/USD,171.14,171.22,11-06-21 09:46:10
LTC/USD,171.1,171.2,11-06-21 09:46:00
LTC/USD,171.08,171.15,11-06-21 09:45:50
LTC/USD,171.08,171.18,11-06-21 09:45:40
LTC/USD,171.13,171.24,11-06-21 09:45:30
LTC/USD,171.12,171.23,11-06-21 09:45:20
LTC/USD,171.1,171.21,11-06-21 09:45:10
LTC/USD,171.21,171.33,11-06-21 09:45:00
LTC/USD,171.13,171.22,11-06-21 09:44:50
LTC/USD,171.12,171.23,11-06-21 09:44:40
LTC/USD,171.13,171.24,11-06-21 09:44:30
LTC/USD,171.16,171.29,11-06-21 09:44:20
LTC/USD,171.29,171.32,11-06-21 09:44:10
LTC/USD,171.29,171.36,11-06-21 09:44:00
LTC/USD,171.29,171.33,11-06-21 09:43:50
LTC/USD,171.29,171.39,11-06-21 09:43:40
LTC/USD,171.3,171.44,11-06-21 09:43:30
LTC/USD,171.31,171.49,11-06-21 09:43:20
LTC/USD,171.32,171.47,11-06-21 09:43:10
LTC/USD,171.48,171.5,11-06-21 09:43:00
LTC/USD,171.58,171.71,11-06-21 09:42:50
LTC/USD,171.58,171.71,11-06-21 09:42:40
LTC/USD,171.48,171.54,11-06-21 09:42:30
LTC/USD,171.48,171.5,11-06-21 09:42:20
LTC/USD,171.5,171.54,11-06-21 09:42:10
LTC/USD,171.71,171.72,11-06-21 09:42:00
LTC/USD,171.71,171.72,11-06-21 09:41:50
LTC/USD,171.71,171.72,11-06-21 09:41:40
LTC/USD,171.71,171.75,11-06-21 09:41:30
LTC/USD,171.71,171.8,11-06-21 09:41:20
LTC/USD,171.71,171.84,11-06-21 09:41:10
LTC/USD,171.82,171.89,11-06-21 09:41:00
LTC/USD,171.82,171.89,11-06-21 09:40:50
LTC/USD,171.85,171.89,11-06-21 09:40:40
LTC/USD,171.85,171.89,11-06-21 09:40:30
LTC/USD,171.78,171.89,11-06-21 09:40:20
LTC/USD,171.72,171.83,11-06-21 09:40:10
LTC/USD,171.71,171.74,11-06-21 09:40:00
LTC/USD,171.71,171.76,11-06-21 09:39:50
LTC/USD,171.72,171.82,11-06-21 09:39:40
LTC/USD,171.72,171.81,11-06-21 09:39:30
LTC/USD,171.73,171.82,11-06-21 09:39:20
LTC/USD,171.71,171.8,11-06-21 09:39:10
LTC/USD,171.71,171.77,11-06-21 09:39:00
LTC/USD,171.78,171.89,11-06-21 09:38:50
LTC/USD,171.77,171.89,11-06-21 09:38:40
LTC/USD,171.76,171.84,11-06-21 09:38:30
LTC/USD,171.71,171.76,11-06-21 09:38:20
LTC/USD,171.71,171.77,11-06-21 09:38:10
LTC/USD,171.71,171.72,11-06-21 09:38:00
LTC/USD,171.71,171.72,11-06-21 09:37:50
LTC/USD,171.71,171.77,11-06-21 09:37:40
LTC/USD,171.71,171.77,11-06-21 09:37:30
LTC/USD,171.76,171.88,11-06-21 09:37:20
LTC/USD,171.71,171.79,11-06-21 09:37:10
LTC/USD,171.71,171.8,11-06-21 09:37:00
LTC/USD,171.86,171.89,11-06-21 09:36:50
LTC/USD,171.81,171.88,11-06-21 09:36:40
LTC/USD,171.82,171.89,11-06-21 09:36:30
LTC/USD,171.81,171.89,11-06-21 09:36:20
LTC/USD,171.81,171.89,11-06-21 09:36:10
LTC/USD,171.71,171.72,11-06-21 09:36:00
LTC/USD,171.71,171.72,11-06-21 09:35:50
LTC/USD,171.71,171.76,11-06-21 09:35:40
LTC/USD,171.71,171.81,11-06-21 09:35:30
LTC/USD,171.77,171.88,11-06-21 09:35:20
LTC/USD,171.82,171.89,11-06-21 09:35:10
LTC/USD,171.85,171.89,11-06-21 09:35:00
LTC/USD,171.85,171.89,11-06-21 09:34:50
LTC/USD,171.85,171.89,11-06-21 09:34:40
LTC/USD,171.82,171.88,11-06-21 09:34:30
LTC/USD,171.75,171.76,11-06-21 09:34:20
LTC/USD,171.71,171.76,11-06-21 09:34:10
LTC/USD,171.71,171.76,11-06-21 09:34:00
LTC/USD,171.77,171.88,11-06-21 09:33:50
LTC/USD,171.82,171.89,11-06-21 09:33:40
LTC/USD,171.75,171.86,11-06-21 09:33:30
LTC/USD,171.93,172.01,11-06-21 09:33:20
LTC/USD,171.95,172.02,11-06-21 09:33:10
LTC/USD,171.91,172.02,11-06-21 09:33:00
LTC/USD,171.88,172.03,11-06-21 09:32:50
LTC/USD,172.01,172.16,11-06-21 09:32:40
LTC/USD,172.26,172.27,11-06-21 09:32:30
LTC/USD,172.34,172.47,11-06-21 09:32:20
LTC/USD,172.41,172.51,11-06-21 09:32:10
LTC/USD,172.46,172.53,11-06-21 09:32:00
LTC/USD,172.51,172.58,11-06-21 09:31:50
LTC/USD,172.54,172.58,11-06-21 09:31:40
LTC/USD,172.47,172.58,11-06-21 09:31:30
LTC/USD,172.46,172.6,11-06-21 09:31:20
LTC/USD,172.57,172.72,11-06-21 09:31:10
LTC/USD,172.52,172.67,11-06-21 09:31:00
LTC/USD,172.57,172.73,11-06-21 09:30:50
LTC/USD,172.61,172.76,11-06-21 09:30:40
LTC/USD,172.79,172.93,11-06-21 09:30:30
LTC/USD,172.47,172.61,11-06-21 09:30:20
LTC/USD,172.44,172.56,11-06-21 09:30:10
LTC/USD,172.32,172.48,11-06-21 09:30:00
LTC/USD,172.26,172.37,11-06-21 09:29:50
LTC/USD,172.33,172.46,11-06-21 09:29:40
LTC/USD,172.46,172.49,11-06-21 09:29:30
LTC/USD,172.36,172.46,11-06-21 09:29:20
LTC/USD,172.3,172.38,11-06-21 09:29:10
LTC/USD,172.33,172.45,11-06-21 09:29:00
LTC/USD,172.33,172.44,11-06-21 09:28:50
LTC/USD,172.27,172.35,11-06-21 09:28:40
LTC/USD,172.26,172.31,11-06-21 09:28:30
LTC/USD,172.27,172.43,11-06-21 09:28:20
LTC/USD,172.31,172.46,11-06-21 09:28:10
LTC/USD,172.32,172.5,11-06-21 09:28:00
LTC/USD,172.34,172.44,11-06-21 09:27:50
LTC/USD,172.51,172.53,11-06-21 09:27:40
LTC/USD,172.26,172.3,11-06-21 09:27:30
LTC/USD,172.27,172.32,11-06-21 09:27:20
LTC/USD,172.27,172.32,11-06-21 09:27:10
LTC/USD,172.04,172.1,11-06-21 09:27:00
LTC/USD,171.86,171.9,11-06-21 09:26:50
LTC/USD,171.86,171.9,11-06-21 09:26:40
LTC/USD,171.82,171.87,11-06-21 09:26:30
LTC/USD,171.76,171.84,11-06-21 09:26:20
LTC/USD,171.76,171.81,11-06-21 09:26:10
LTC/USD,171.71,171.81,11-06-21 09:26:00
LTC/USD,171.62,171.75,11-06-21 09:25:50
LTC/USD,171.76,171.83,11-06-21 09:25:40
LTC/USD,171.66,171.69,11-06-21 09:25:30
LTC/USD,171.61,171.66,11-06-21 09:25:20
LTC/USD,171.61,171.68,11-06-21 09:25:10
LTC/USD,171.61,171.69,11-06-21 09:25:00
LTC/USD,171.65,171.69,11-06-21 09:24:50
LTC/USD,171.61,171.65,11-06-21 09:24:40
LTC/USD,171.6,171.65,11-06-21 09:24:30
LTC/USD,171.45,171.59,11-06-21 09:24:20
LTC/USD,171.48,171.64,11-06-21 09:24:10
LTC/USD,171.33,171.38,11-06-21 09:24:00
LTC/USD,171.33,171.38,11-06-21 09:23:50
LTC/USD,171.37,171.38,11-06-21 09:23:40
LTC/USD,171.35,171.38,11-06-21 09:23:30
LTC/USD,171.34,171.38,11-06-21 09:23:20
LTC/USD,171.36,171.38,11-06-21 09:23:10
LTC/USD,171.11,171.17,11-06-21 09:23:00
LTC/USD,170.97,171.06,11-06-21 09:22:50
LTC/USD,171.02,171.12,11-06-21 09:22:40
LTC/USD,170.99,171.11,11-06-21 09:22:30
LTC/USD,171.09,171.15,11-06-21 09:22:20
LTC/USD,171.05,171.15,11-06-21 09:22:10
LTC/USD,171.05,171.15,11-06-21 09:22:00
LTC/USD,171.01,171.13,11-06-21 09:21:50
LTC/USD,171.01,171.13,11-06-21 09:21:40
LTC/USD,171.01,171.13,11-06-21 09:21:30
LTC/USD,171.02,171.13,11-06-21 09:21:20
LTC/USD,171,171.09,11-06-21 09:21:10
LTC/USD,170.99,171.14,11-06-21 09:21:00
LTC/USD,171.09,171.19,11-06-21 09:20:50
LTC/USD,171.09,171.19,11-06-21 09:20:40
LTC/USD,171.09,171.19,11-06-21 09:20:30
LTC/USD,171.07,171.18,11-06-21 09:20:20
LTC/USD,171.13,171.25,11-06-21 09:20:10
LTC/USD,171.21,171.31,11-06-21 09:20:00
LTC/USD,171.21,171.31,11-06-21 09:19:50
LTC/USD,171.2,171.3,11-06-21 09:19:40
LTC/USD,171.15,171.25,11-06-21 09:19:30
LTC/USD,171.1,171.21,11-06-21 09:19:20
LTC/USD,171.16,171.26,11-06-21 09:19:10
LTC/USD,171.17,171.26,11-06-21 09:19:00
LTC/USD,171.17,171.26,11-06-21 09:18:50
LTC/USD,171.07,171.18,11-06-21 09:18:40
LTC/USD,171.07,171.19,11-06-21 09:18:30
LTC/USD,171.01,171.1,11-06-21 09:18:20
LTC/USD,170.98,171.1,11-06-21 09:18:10
LTC/USD,170.96,171.1,11-06-21 09:18:00
LTC/USD,170.94,171.02,11-06-21 09:17:50
LTC/USD,170.9,171.02,11-06-21 09:17:40
LTC/USD,170.88,170.97,11-06-21 09:17:30
LTC/USD,170.89,171.02,11-06-21 09:17:20
LTC/USD,171.03,171.1,11-06-21 09:17:10
LTC/USD,171.02,171.1,11-06-21 09:17:00
LTC/USD,170.99,171.09,11-06-21 09:16:50
LTC/USD,170.98,171.09,11-06-21 09:16:40
LTC/USD,170.98,171.09,11-06-21 09:16:30
LTC/USD,171.05,171.15,11-06-21 09:16:20
LTC/USD,171.04,171.12,11-06-21 09:16:10
LTC/USD,171.01,171.12,11-06-21 09:16:00
LTC/USD,171.05,171.17,11-06-21 09:15:50
LTC/USD,171.01,171.16,11-06-21 09:15:40
LTC/USD,171.2,171.31,11-06-21 09:15:30
LTC/USD,171.48,171.49,11-06-21 09:15:20
LTC/USD,171.48,171.49,11-06-21 09:15:10
LTC/USD,171.17,171.27,11-06-21 09:15:00
LTC/USD,171.02,171.06,11-06-21 09:14:50
LTC/USD,170.87,171,11-06-21 09:14:40
LTC/USD,170.8,170.91,11-06-21 09:14:30
LTC/USD,170.89,171.03,11-06-21 09:14:20
LTC/USD,170.93,171.05,11-06-21 09:14:10
LTC/USD,170.94,171.05,11-06-21 09:14:00
LTC/USD,170.87,170.97,11-06-21 09:13:50
LTC/USD,170.97,171.06,11-06-21 09:13:40
LTC/USD,170.87,170.98,11-06-21 09:13:30
LTC/USD,170.87,170.98,11-06-21 09:13:20
LTC/USD,170.89,171,11-06-21 09:13:10
LTC/USD,170.84,170.92,11-06-21 09:13:00
LTC/USD,170.83,170.96,11-06-21 09:12:50
LTC/USD,170.83,170.95,11-06-21 09:12:40
LTC/USD,170.86,170.97,11-06-21 09:12:30
LTC/USD,170.73,170.85,11-06-21 09:12:20
LTC/USD,170.78,170.89,11-06-21 09:12:10
LTC/USD,170.99,171.06,11-06-21 09:12:00
LTC/USD,171.01,171.06,11-06-21 09:11:50
LTC/USD,170.99,171.06,11-06-21 09:11:40
LTC/USD,170.99,171.01,11-06-21 09:11:30
LTC/USD,170.99,171.06,11-06-21 09:11:20
LTC/USD,170.98,171.06,11-06-21 09:11:10
LTC/USD,170.91,170.95,11-06-21 09:11:00
LTC/USD,170.91,170.95,11-06-21 09:10:50
LTC/USD,170.87,170.95,11-06-21 09:10:40
LTC/USD,170.85,170.95,11-06-21 09:10:30
LTC/USD,170.85,170.95,11-06-21 09:10:20
LTC/USD,170.86,170.95,11-06-21 09:10:10
LTC/USD,170.82,170.93,11-06-21 09:10:00
LTC/USD,170.81,170.93,11-06-21 09:09:50
LTC/USD,170.81,170.93,11-06-21 09:09:40
LTC/USD,170.87,170.95,11-06-21 09:09:30
LTC/USD,170.79,170.89,11-06-21 09:09:20
LTC/USD,170.74,170.86,11-06-21 09:09:10
LTC/USD,170.69,170.83,11-06-21 09:09:00
LTC/USD,170.79,170.94,11-06-21 09:08:50
LTC/USD,170.81,170.94,11-06-21 09:08:40
LTC/USD,170.72,170.82,11-06-21 09:08:30
LTC/USD,170.69,170.81,11-06-21 09:08:20
LTC/USD,170.62,170.72,11-06-21 09:08:10
LTC/USD,170.57,170.69,11-06-21 09:08:00
LTC/USD,170.57,170.69,11-06-21 09:07:50
LTC/USD,170.58,170.69,11-06-21 09:07:40
LTC/USD,170.61,170.76,11-06-21 09:07:30
LTC/USD,170.66,170.8,11-06-21 09:07:20
LTC/USD,170.66,170.8,11-06-21 09:07:10
LTC/USD,170.8,170.92,11-06-21 09:07:00
LTC/USD,170.78,170.9,11-06-21 09:06:50
LTC/USD,170.62,170.63,11-06-21 09:06:40
LTC/USD,170.55,170.63,11-06-21 09:06:30
LTC/USD,170.48,170.62,11-06-21 09:06:20
LTC/USD,170.56,170.63,11-06-21 09:06:10
LTC/USD,170.31,170.4,11-06-21 09:06:00
LTC/USD,170.25,170.36,11-06-21 09:05:50
LTC/USD,170.26,170.37,11-06-21 09:05:40
LTC/USD,170.14,170.23,11-06-21 09:05:30
LTC/USD,170.08,170.22,11-06-21 09:05:20
LTC/USD,170.06,170.18,11-06-21 09:05:10
LTC/USD,170.09,170.23,11-06-21 09:05:00
LTC/USD,170.14,170.23,11-06-21 09:04:50
LTC/USD,170.14,170.3,11-06-21 09:04:40
LTC/USD,170.39,170.52,11-06-21 09:04:30
LTC/USD,170.55,170.63,11-06-21 09:04:20
LTC/USD,170.55,170.63,11-06-21 09:04:10
LTC/USD,170.44,170.54,11-06-21 09:04:00
LTC/USD,170.37,170.38,11-06-21 09:03:50
LTC/USD,170.36,170.38,11-06-21 09:03:40
LTC/USD,170.3,170.38,11-06-21 09:03:30
LTC/USD,170.18,170.29,11-06-21 09:03:20
LTC/USD,170.03,170.08,11-06-21 09:03:10
LTC/USD,169.92,170.09,11-06-21 09:03:00
LTC/USD,170.03,170.14,11-06-21 09:02:50
LTC/USD,169.89,169.98,11-06-21 09:02:40
LTC/USD,169.92,170.05,11-06-21 09:02:30
LTC/USD,170.02,170.14,11-06-21 09:02:20
LTC/USD,170.03,170.15,11-06-21 09:02:10
LTC/USD,170.08,170.19,11-06-21 09:02:00
LTC/USD,170.06,170.18,11-06-21 09:01:50
LTC/USD,170.07,170.18,11-06-21 09:01:40
LTC/USD,170.1,170.22,11-06-21 09:01:30
LTC/USD,170.23,170.38,11-06-21 09:01:20
LTC/USD,170.25,170.35,11-06-21 09:01:10
LTC/USD,170.26,170.38,11-06-21 09:01:00
LTC/USD,170.22,170.4,11-06-21 09:00:50
LTC/USD,170.4,170.41,11-06-21 09:00:40
LTC/USD,170.37,170.42,11-06-21 09:00:30
LTC/USD,170.16,170.32,11-06-21 09:00:20
LTC/USD,170.19,170.34,11-06-21 09:00:10
LTC/USD,170.05,170.17,11-06-21 09:00:00
LTC/USD,170.08,170.2,11-06-21 08:59:50
LTC/USD,170.09,170.24,11-06-21 08:59:40
LTC/USD,170.01,170.13,11-06-21 08:59:30
LTC/USD,169.92,170.04,11-06-21 08:59:20
LTC/USD,169.77,169.94,11-06-21 08:59:10
LTC/USD,169.98,170.04,11-06-21 08:59:00
LTC/USD,169.96,170.04,11-06-21 08:58:50
LTC/USD,169.97,170.08,11-06-21 08:58:40
LTC/USD,170.06,170.17,11-06-21 08:58:30
LTC/USD,170.18,170.28,11-06-21 08:58:20
LTC/USD,170.2,170.31,11-06-21 08:58:10
LTC/USD,170.2,170.31,11-06-21 08:58:00
LTC/USD,170.31,170.39,11-06-21 08:57:50
LTC/USD,170.28,170.39,11-06-21 08:57:40
LTC/USD,170.26,170.36,11-06-21 08:57:30
LTC/USD,170.3,170.39,11-06-21 08:57:20
LTC/USD,170.24,170.37,11-06-21 08:57:10
LTC/USD,170.22,170.34,11-06-21 08:57:00
LTC/USD,170.2,170.34,11-06-21 08:56:50
LTC/USD,170.2,170.32,11-06-21 08:56:40
LTC/USD,170.12,170.22,11-06-21 08:56:30
LTC/USD,170.06,170.16,11-06-21 08:56:20
LTC/USD,170.06,170.21,11-06-21 08:56:10
LTC/USD,170.06,170.18,11-06-21 08:56:00
LTC/USD,170.08,170.11,11-06-21 08:55:50
LTC/USD,170.05,170.11,11-06-21 08:55:40
LTC/USD,169.96,170.08,11-06-21 08:55:30
LTC/USD,169.95,170.06,11-06-21 08:55:20
LTC/USD,169.84,169.94,11-06-21 08:55:10
LTC/USD,169.82,169.94,11-06-21 08:55:00
LTC/USD,169.86,169.98,11-06-21 08:54:50
LTC/USD,169.89,170,11-06-21 08:54:40
LTC/USD,170,170.1,11-06-21 08:54:30
LTC/USD,170.02,170.12,11-06-21 08:54:20
LTC/USD,170.02,170.14,11-06-21 08:54:10
LTC/USD,170.09,170.18,11-06-21 08:54:00
LTC/USD,170.08,170.19,11-06-21 08:53:50
LTC/USD,170,170.16,11-06-21 08:53:40
LTC/USD,169.94,170,11-06-21 08:53:30
LTC/USD,169.84,169.97,11-06-21 08:53:20
LTC/USD,169.82,169.95,11-06-21 08:53:10
LTC/USD,169.82,169.95,11-06-21 08:53:00
LTC/USD,169.85,169.92,11-06-21 08:52:50
LTC/USD,169.86,169.97,11-06-21 08:52:40
LTC/USD,169.87,169.99,11-06-21 08:52:30
LTC/USD,169.85,169.98,11-06-21 08:52:20
LTC/USD,169.87,169.98,11-06-21 08:52:10
LTC/USD,169.88,170,11-06-21 08:52:00
LTC/USD,169.99,170,11-06-21 08:51:50
LTC/USD,169.94,170,11-06-21 08:51:40
LTC/USD,169.94,170,11-06-21 08:51:30
LTC/USD,169.89,170,11-06-21 08:51:20
LTC/USD,169.89,170,11-06-21 08:51:10
LTC/USD,169.89,170,11-06-21 08:51:00
LTC/USD,169.77,169.88,11-06-21 08:50:50
LTC/USD,169.73,169.82,11-06-21 08:50:40
LTC/USD,169.73,169.84,11-06-21 08:50:30
LTC/USD,169.74,169.88,11-06-21 08:50:20
LTC/USD,169.76,169.87,11-06-21 08:50:10
LTC/USD,169.8,169.9,11-06-21 08:50:00
LTC/USD,169.8,169.91,11-06-21 08:49:50
LTC/USD,169.84,169.93,11-06-21 08:49:40
LTC/USD,169.83,169.96,11-06-21 08:49:30
LTC/USD,169.84,169.95,11-06-21 08:49:20
LTC/USD,169.77,169.87,11-06-21 08:49:10
LTC/USD,169.71,169.79,11-06-21 08:49:00
LTC/USD,169.72,169.78,11-06-21 08:48:50
LTC/USD,169.7,169.81,11-06-21 08:48:40
LTC/USD,169.71,169.84,11-06-21 08:48:30
LTC/USD,169.77,169.88,11-06-21 08:48:20
LTC/USD,169.8,169.97,11-06-21 08:48:10
LTC/USD,169.91,170.03,11-06-21 08:48:00
LTC/USD,170.01,170.15,11-06-21 08:47:50
LTC/USD,169.98,170.09,11-06-21 08:47:40
LTC/USD,169.92,170.02,11-06-21 08:47:30
LTC/USD,169.9,170.02,11-06-21 08:47:20
LTC/USD,169.86,170.02,11-06-21 08:47:10
LTC/USD,169.86,169.99,11-06-21 08:47:00
LTC/USD,169.95,170.06,11-06-21 08:46:50
LTC/USD,169.94,170.08,11-06-21 08:46:40
LTC/USD,169.92,170.04,11-06-21 08:46:30
LTC/USD,169.92,170.03,11-06-21 08:46:20
LTC/USD,169.88,170.01,11-06-21 08:46:10
LTC/USD,169.88,170.06,11-06-21 08:46:00
LTC/USD,169.73,169.83,11-06-21 08:45:50
LTC/USD,169.59,169.7,11-06-21 08:45:40
LTC/USD,169.54,169.67,11-06-21 08:45:30
LTC/USD,169.55,169.67,11-06-21 08:45:20
LTC/USD,169.47,169.65,11-06-21 08:45:10
LTC/USD,169.59,169.71,11-06-21 08:45:00
LTC/USD,169.54,169.65,11-06-21 08:44:50
LTC/USD,169.64,169.75,11-06-21 08:44:40
LTC/USD,169.64,169.75,11-06-21 08:44:30
LTC/USD,169.63,169.77,11-06-21 08:44:20
LTC/USD,169.72,169.84,11-06-21 08:44:10
LTC/USD,169.73,169.83,11-06-21 08:44:00
LTC/USD,169.67,169.82,11-06-21 08:43:50
LTC/USD,169.45,169.62,11-06-21 08:43:40
LTC/USD,169.36,169.55,11-06-21 08:43:30
LTC/USD,169.61,169.65,11-06-21 08:43:20
LTC/USD,169.7,169.75,11-06-21 08:43:10
LTC/USD,169.86,169.97,11-06-21 08:43:00
LTC/USD,169.7,169.78,11-06-21 08:42:50
LTC/USD,169.82,169.86,11-06-21 08:42:40
LTC/USD,169.82,169.87,11-06-21 08:42:30
LTC/USD,169.82,169.88,11-06-21 08:42:20
LTC/USD,169.83,169.95,11-06-21 08:42:10
LTC/USD,169.86,169.99,11-06-21 08:42:00
LTC/USD,169.72,169.79,11-06-21 08:41:50
LTC/USD,169.72,169.81,11-06-21 08:41:40
LTC/USD,169.71,169.76,11-06-21 08:41:30
LTC/USD,169.69,169.74,11-06-21 08:41:20
LTC/USD,169.71,169.73,11-06-21 08:41:10
LTC/USD,169.67,169.73,11-06-21 08:41:00
LTC/USD,169.75,169.81,11-06-21 08:40:50
LTC/USD,169.69,169.82,11-06-21 08:40:40
LTC/USD,169.8,169.9,11-06-21 08:40:30
LTC/USD,169.82,169.95,11-06-21 08:40:20
LTC/USD,169.71,169.77,11-06-21 08:40:10
LTC/USD,169.75,169.83,11-06-21 08:40:00
LTC/USD,169.82,169.87,11-06-21 08:39:50
LTC/USD,169.89,170,11-06-21 08:39:40
LTC/USD,169.9,170.06,11-06-21 08:39:30
LTC/USD,170.05,170.17,11-06-21 08:39:20
LTC/USD,170.06,170.18,11-06-21 08:39:10
LTC/USD,170.11,170.22,11-06-21 08:39:00
LTC/USD,170.25,170.32,11-06-21 08:38:50
LTC/USD,170.37,170.47,11-06-21 08:38:40
LTC/USD,170.5,170.6,11-06-21 08:38:30
LTC/USD,170.54,170.61,11-06-21 08:38:20
LTC/USD,170.5,170.59,11-06-21 08:38:10
LTC/USD,170.5,170.61,11-06-21 08:38:00
LTC/USD,170.49,170.61,11-06-21 08:37:50
LTC/USD,170.56,170.69,11-06-21 08:37:40
LTC/USD,170.65,170.78,11-06-21 08:37:30
LTC/USD,170.67,170.77,11-06-21 08:37:20
LTC/USD,170.61,170.69,11-06-21 08:37:10
LTC/USD,170.58,170.65,11-06-21 08:37:00
LTC/USD,170.62,170.7,11-06-21 08:36:50
LTC/USD,170.6,170.65,11-06-21 08:36:40
LTC/USD,170.52,170.6,11-06-21 08:36:30
LTC/USD,170.5,170.58,11-06-21 08:36:20
LTC/USD,170.5,170.59,11-06-21 08:36:10
LTC/USD,170.52,170.61,11-06-21 08:36:00
LTC/USD,170.5,170.58,11-06-21 08:35:50
LTC/USD,170.51,170.59,11-06-21 08:35:40
LTC/USD,170.63,170.73,11-06-21 08:35:30
LTC/USD,170.66,170.74,11-06-21 08:35:20
LTC/USD,170.55,170.68,11-06-21 08:35:10
LTC/USD,170.51,170.61,11-06-21 08:35:00
LTC/USD,170.47,170.53,11-06-21 08:34:50
LTC/USD,170.47,170.57,11-06-21 08:34:40
LTC/USD,170.47,170.57,11-06-21 08:34:30
LTC/USD,170.57,170.67,11-06-21 08:34:20
LTC/USD,170.6,170.7,11-06-21 08:34:10
LTC/USD,170.6,170.7,11-06-21 08:34:00
LTC/USD,170.5,170.51,11-06-21 08:33:50
LTC/USD,170.45,170.51,11-06-21 08:33:40
LTC/USD,170.5,170.51,11-06-21 08:33:30
LTC/USD,170.48,170.51,11-06-21 08:33:20
LTC/USD,170.48,170.51,11-06-21 08:33:10
LTC/USD,170.45,170.51,11-06-21 08:33:00
LTC/USD,170.45,170.51,11-06-21 08:32:50
LTC/USD,170.46,170.57,11-06-21 08:32:40
LTC/USD,170.7,170.77,11-06-21 08:32:30
LTC/USD,170.7,170.78,11-06-21 08:32:20
LTC/USD,170.72,170.85,11-06-21 08:32:10
LTC/USD,170.55,170.66,11-06-21 08:32:00
LTC/USD,170.48,170.55,11-06-21 08:31:50
LTC/USD,170.45,170.55,11-06-21 08:31:40
LTC/USD,170.52,170.6,11-06-21 08:31:30
LTC/USD,170.72,170.8,11-06-21 08:31:20
LTC/USD,170.82,170.88,11-06-21 08:31:10
LTC/USD,170.87,170.94,11-06-21 08:31:00
LTC/USD,170.93,170.98,11-06-21 08:30:50
LTC/USD,171.06,171.12,11-06-21 08:30:40
LTC/USD,171.15,171.24,11-06-21 08:30:30
LTC/USD,171.22,171.3,11-06-21 08:30:20
LTC/USD,171.35,171.43,11-06-21 08:30:10
LTC/USD,171.11,171.22,11-06-21 08:30:00
LTC/USD,171.06,171.16,11-06-21 08:29:50
LTC/USD,171.16,171.27,11-06-21 08:29:40
LTC/USD,171.16,171.27,11-06-21 08:29:30
LTC/USD,171.06,171.2,11-06-21 08:29:20
LTC/USD,170.95,171.07,11-06-21 08:29:10
LTC/USD,171.07,171.12,11-06-21 08:29:00
LTC/USD,171.07,171.19,11-06-21 08:28:50
LTC/USD,171.07,171.18,11-06-21 08:28:40
LTC/USD,171.07,171.23,11-06-21 08:28:30
LTC/USD,171.07,171.26,11-06-21 08:28:20
LTC/USD,171.07,171.26,11-06-21 08:28:10
LTC/USD,171,171.15,11-06-21 08:28:00
LTC/USD,170.92,171.06,11-06-21 08:27:50
LTC/USD,170.86,170.98,11-06-21 08:27:40
LTC/USD,170.88,171.01,11-06-21 08:27:30
LTC/USD,170.88,171.01,11-06-21 08:27:20
LTC/USD,170.88,171.05,11-06-21 08:27:10
LTC/USD,170.88,171.03,11-06-21 08:27:00
LTC/USD,170.92,171.06,11-06-21 08:26:50
LTC/USD,171.01,171.18,11-06-21 08:26:40
LTC/USD,170.96,171.13,11-06-21 08:26:30
LTC/USD,171.01,171.18,11-06-21 08:26:20
LTC/USD,170.72,170.9,11-06-21 08:26:10
LTC/USD,170.77,170.9,11-06-21 08:26:00
LTC/USD,170.67,170.78,11-06-21 08:25:50
LTC/USD,170.67,170.79,11-06-21 08:25:40
LTC/USD,170.7,170.84,11-06-21 08:25:30
LTC/USD,170.66,170.81,11-06-21 08:25:20
LTC/USD,170.72,170.88,11-06-21 08:25:10
LTC/USD,170.75,170.89,11-06-21 08:25:00
LTC/USD,170.7,170.82,11-06-21 08:24:50
LTC/USD,170.72,170.88,11-06-21 08:24:40
LTC/USD,170.7,170.83,11-06-21 08:24:30
LTC/USD,170.56,170.71,11-06-21 08:24:20
LTC/USD,170.55,170.67,11-06-21 08:24:10
LTC/USD,170.55,170.68,11-06-21 08:24:00
LTC/USD,170.46,170.59,11-06-21 08:23:50
LTC/USD,170.46,170.59,11-06-21 08:23:40
LTC/USD,170.57,170.69,11-06-21 08:23:30
LTC/USD,170.64,170.79,11-06-21 08:23:20
LTC/USD,170.74,170.84,11-06-21 08:23:10
LTC/USD,170.57,170.69,11-06-21 08:23:00
LTC/USD,170.6,170.69,11-06-21 08:22:50
LTC/USD,170.57,170.68,11-06-21 08:22:40
LTC/USD,170.61,170.73,11-06-21 08:22:30
LTC/USD,170.63,170.73,11-06-21 08:22:20
LTC/USD,170.51,170.63,11-06-21 08:22:10
LTC/USD,170.51,170.65,11-06-21 08:22:00
LTC/USD,170.56,170.69,11-06-21 08:21:50
LTC/USD,170.58,170.69,11-06-21 08:21:40
LTC/USD,170.58,170.74,11-06-21 08:21:30
LTC/USD,170.54,170.68,11-06-21 08:21:20
LTC/USD,170.56,170.68,11-06-21 08:21:10
LTC/USD,170.51,170.66,11-06-21 08:21:00
LTC/USD,170.45,170.58,11-06-21 08:20:50
LTC/USD,170.53,170.65,11-06-21 08:20:40
LTC/USD,170.56,170.66,11-06-21 08:20:30
LTC/USD,170.64,170.8,11-06-21 08:20:20
LTC/USD,170.73,170.84,11-06-21 08:20:10
LTC/USD,170.8,170.96,11-06-21 08:20:00
LTC/USD,170.83,170.96,11-06-21 08:19:50
LTC/USD,170.71,170.81,11-06-21 08:19:40
LTC/USD,170.55,170.66,11-06-21 08:19:30
LTC/USD,170.51,170.61,11-06-21 08:19:20
LTC/USD,170.56,170.63,11-06-21 08:19:10
LTC/USD,170.56,170.65,11-06-21 08:19:00
LTC/USD,170.5,170.59,11-06-21 08:18:50
LTC/USD,170.45,170.47,11-06-21 08:18:40
LTC/USD,170.7,170.78,11-06-21 08:18:30
LTC/USD,170.68,170.78,11-06-21 08:18:20
LTC/USD,170.66,170.7,11-06-21 08:18:10
LTC/USD,170.72,170.8,11-06-21 08:18:00
LTC/USD,170.87,170.94,11-06-21 08:17:50
LTC/USD,170.87,170.93,11-06-21 08:17:40
LTC/USD,170.74,170.82,11-06-21 08:17:30
LTC/USD,170.8,170.86,11-06-21 08:17:20
LTC/USD,170.9,170.97,11-06-21 08:17:10
LTC/USD,170.9,171.02,11-06-21 08:17:00
LTC/USD,171.1,171.19,11-06-21 08:16:50
LTC/USD,171.12,171.22,11-06-21 08:16:40
LTC/USD,171.11,171.23,11-06-21 08:16:30
LTC/USD,171.15,171.27,11-06-21 08:16:20
LTC/USD,171.12,171.24,11-06-21 08:16:10
LTC/USD,171.12,171.24,11-06-21 08:16:00
LTC/USD,171.13,171.26,11-06-21 08:15:50
LTC/USD,171.22,171.34,11-06-21 08:15:40
LTC/USD,171.21,171.39,11-06-21 08:15:30
LTC/USD,171.14,171.3,11-06-21 08:15:20
LTC/USD,171.05,171.22,11-06-21 08:15:10
LTC/USD,170.75,170.9,11-06-21 08:15:00
LTC/USD,170.78,170.93,11-06-21 08:14:50
LTC/USD,171.01,171.09,11-06-21 08:14:40
LTC/USD,171.03,171.13,11-06-21 08:14:30
LTC/USD,171,171.12,11-06-21 08:14:20
LTC/USD,171,171.16,11-06-21 08:14:10
LTC/USD,171.06,171.2,11-06-21 08:14:00
LTC/USD,171.22,171.32,11-06-21 08:13:50
LTC/USD,171.14,171.28,11-06-21 08:13:40
LTC/USD,171.12,171.25,11-06-21 08:13:30
LTC/USD,171.11,171.25,11-06-21 08:13:20
LTC/USD,171.03,171.15,11-06-21 08:13:10
LTC/USD,171.04,171.11,11-06-21 08:13:00
LTC/USD,171.01,171.09,11-06-21 08:12:50
LTC/USD,170.99,171.08,11-06-21 08:12:40
LTC/USD,170.96,171.12,11-06-21 08:12:30
LTC/USD,170.9,171.09,11-06-21 08:12:20
LTC/USD,170.84,170.99,11-06-21 08:12:10
LTC/USD,171.19,171.2,11-06-21 08:12:00
LTC/USD,171.36,171.44,11-06-21 08:11:50
LTC/USD,171.35,171.43,11-06-21 08:11:40
LTC/USD,171.44,171.46,11-06-21 08:11:30
LTC/USD,171.4,171.48,11-06-21 08:11:20
LTC/USD,171.4,171.57,11-06-21 08:11:10
LTC/USD,171.55,171.76,11-06-21 08:11:00
LTC/USD,171.33,171.47,11-06-21 08:10:50
LTC/USD,171.33,171.52,11-06-21 08:10:40
LTC/USD,171.27,171.43,11-06-21 08:10:30
LTC/USD,171.21,171.38,11-06-21 08:10:20
LTC/USD,171.24,171.36,11-06-21 08:10:10
LTC/USD,171.47,171.64,11-06-21 08:10:00
LTC/USD,171.44,171.57,11-06-21 08:09:50
LTC/USD,171.49,171.62,11-06-21 08:09:40
LTC/USD,171.46,171.48,11-06-21 08:09:30
LTC/USD,171.41,171.46,11-06-21 08:09:20
LTC/USD,171.35,171.47,11-06-21 08:09:10
LTC/USD,171.22,171.36,11-06-21 08:09:00
LTC/USD,171.12,171.26,11-06-21 08:08:50
LTC/USD,171.14,171.26,11-06-21 08:08:40
LTC/USD,171.08,171.19,11-06-21 08:08:30
LTC/USD,171.08,171.15,11-06-21 08:08:20
LTC/USD,171.08,171.14,11-06-21 08:08:10
LTC/USD,171.01,171.06,11-06-21 08:08:00
LTC/USD,171.05,171.06,11-06-21 08:07:50
LTC/USD,171.05,171.06,11-06-21 08:07:40
LTC/USD,171.05,171.06,11-06-21 08:07:30
LTC/USD,171.02,171.06,11-06-21 08:07:20
LTC/USD,170.89,170.99,11-06-21 08:07:10
LTC/USD,170.89,171.03,11-06-21 08:07:00
LTC/USD,170.88,171,11-06-21 08:06:50
LTC/USD,170.85,170.99,11-06-21 08:06:40
LTC/USD,170.74,170.9,11-06-21 08:06:30
LTC/USD,170.65,170.85,11-06-21 08:06:20
LTC/USD,170.78,170.95,11-06-21 08:06:10
LTC/USD,170.96,171.06,11-06-21 08:06:00
LTC/USD,170.91,171.02,11-06-21 08:05:50
LTC/USD,170.86,171.02,11-06-21 08:05:40
LTC/USD,170.81,170.96,11-06-21 08:05:30
LTC/USD,170.8,170.93,11-06-21 08:05:20
LTC/USD,171.01,171.06,11-06-21 08:05:10
LTC/USD,170.82,170.89,11-06-21 08:05:00
LTC/USD,170.93,171.05,11-06-21 08:04:50
LTC/USD,170.95,171.06,11-06-21 08:04:40
LTC/USD,170.84,170.99,11-06-21 08:04:30
LTC/USD,170.7,170.76,11-06-21 08:04:20
LTC/USD,170.54,170.62,11-06-21 08:04:10
LTC/USD,170.59,170.65,11-06-21 08:04:00
LTC/USD,170.56,170.66,11-06-21 08:03:50
LTC/USD,170.57,170.75,11-06-21 08:03:40
LTC/USD,170.49,170.66,11-06-21 08:03:30
LTC/USD,170.42,170.6,11-06-21 08:03:20
LTC/USD,170.31,170.44,11-06-21 08:03:10
LTC/USD,170.25,170.43,11-06-21 08:03:00
LTC/USD,170.07,170.21,11-06-21 08:02:50
LTC/USD,170.2,170.36,11-06-21 08:02:40
LTC/USD,170.35,170.5,11-06-21 08:02:30
LTC/USD,170.35,170.52,11-06-21 08:02:20
LTC/USD,170.44,170.62,11-06-21 08:02:10
LTC/USD,170.78,170.83,11-06-21 08:02:00
LTC/USD,170.75,170.83,11-06-21 08:01:50
LTC/USD,170.58,170.65,11-06-21 08:01:40
LTC/USD,170.5,170.67,11-06-21 08:01:30
LTC/USD,170.32,170.45,11-06-21 08:01:20
LTC/USD,170.14,170.24,11-06-21 08:01:10
LTC/USD,170.08,170.15,11-06-21 08:01:00
LTC/USD,170.09,170.16,11-06-21 08:00:50
LTC/USD,170.06,170.19,11-06-21 08:00:40
LTC/USD,170.07,170.23,11-06-21 08:00:30
LTC/USD,170.29,170.41,11-06-21 08:00:20
LTC/USD,170.39,170.51,11-06-21 08:00:10
LTC/USD,170.4,170.54,11-06-21 08:00:00
LTC/USD,170.36,170.47,11-06-21 07:59:50
LTC/USD,170.18,170.35,11-06-21 07:59:40
LTC/USD,170.35,170.42,11-06-21 07:59:30
LTC/USD,170.45,170.54,11-06-21 07:59:20
LTC/USD,170.37,170.55,11-06-21 07:59:10
LTC/USD,170.44,170.51,11-06-21 07:59:00
LTC/USD,170.28,170.38,11-06-21 07:58:50
LTC/USD,170.27,170.39,11-06-21 07:58:40
LTC/USD,170.21,170.35,11-06-21 07:58:30
LTC/USD,170.17,170.3,11-06-21 07:58:20
LTC/USD,170.23,170.32,11-06-21 07:58:10
LTC/USD,170.23,170.34,11-06-21 07:58:00
LTC/USD,170.23,170.38,11-06-21 07:57:50
LTC/USD,170.24,170.37,11-06-21 07:57:40
LTC/USD,170.29,170.39,11-06-21 07:57:30
LTC/USD,170.22,170.39,11-06-21 07:57:20
LTC/USD,170.17,170.36,11-06-21 07:57:10
LTC/USD,170.27,170.35,11-06-21 07:57:00
LTC/USD,170.27,170.4,11-06-21 07:56:50
LTC/USD,170.27,170.41,11-06-21 07:56:40
LTC/USD,170.38,170.54,11-06-21 07:56:30
LTC/USD,170.27,170.36,11-06-21 07:56:20
LTC/USD,170.29,170.4,11-06-21 07:56:10
LTC/USD,170.36,170.54,11-06-21 07:56:00
LTC/USD,170.4,170.47,11-06-21 07:55:50
LTC/USD,170.42,170.51,11-06-21 07:55:40
LTC/USD,170.42,170.57,11-06-21 07:55:30
LTC/USD,170.36,170.47,11-06-21 07:55:20
LTC/USD,170.45,170.55,11-06-21 07:55:10
LTC/USD,170.52,170.67,11-06-21 07:55:00
LTC/USD,170.5,170.59,11-06-21 07:54:50
LTC/USD,170.24,170.4,11-06-21 07:54:40
LTC/USD,170.25,170.44,11-06-21 07:54:30
LTC/USD,169.91,170.07,11-06-21 07:54:20
LTC/USD,169.89,170.01,11-06-21 07:54:10
LTC/USD,170.03,170.08,11-06-21 07:54:00
LTC/USD,170.03,170.16,11-06-21 07:53:50
LTC/USD,170.03,170.15,11-06-21 07:53:40
LTC/USD,170.23,170.36,11-06-21 07:53:30
LTC/USD,170.32,170.47,11-06-21 07:53:20
LTC/USD,170.15,170.37,11-06-21 07:53:10
LTC/USD,170.15,170.29,11-06-21 07:53:00
LTC/USD,170.41,170.48,11-06-21 07:52:50
LTC/USD,170.31,170.39,11-06-21 07:52:40
LTC/USD,170.31,170.39,11-06-21 07:52:30
LTC/USD,170.21,170.37,11-06-21 07:52:20
LTC/USD,170.21,170.3,11-06-21 07:52:10
LTC/USD,170.34,170.37,11-06-21 07:52:00
LTC/USD,170.34,170.39,11-06-21 07:51:50
LTC/USD,170.3,170.4,11-06-21 07:51:40
LTC/USD,170.27,170.4,11-06-21 07:51:30
LTC/USD,170.41,170.45,11-06-21 07:51:20
LTC/USD,170.09,170.22,11-06-21 07:51:10
LTC/USD,170.21,170.33,11-06-21 07:51:00
LTC/USD,170.35,170.41,11-06-21 07:50:50
LTC/USD,170.34,170.45,11-06-21 07:50:40
LTC/USD,170.15,170.27,11-06-21 07:50:30
LTC/USD,170.11,170.22,11-06-21 07:50:20
LTC/USD,170.03,170.14,11-06-21 07:50:10
LTC/USD,170.03,170.14,11-06-21 07:50:00
LTC/USD,170.24,170.3,11-06-21 07:49:50
LTC/USD,170.24,170.3,11-06-21 07:49:40
LTC/USD,170.28,170.31,11-06-21 07:49:30
LTC/USD,170.24,170.31,11-06-21 07:49:20
LTC/USD,170.24,170.31,11-06-21 07:49:10
LTC/USD,170.33,170.39,11-06-21 07:49:00
LTC/USD,170.45,170.49,11-06-21 07:48:50
LTC/USD,170.46,170.56,11-06-21 07:48:40
LTC/USD,170.45,170.49,11-06-21 07:48:30
LTC/USD,170.48,170.61,11-06-21 07:48:20
LTC/USD,170.62,170.64,11-06-21 07:48:10
LTC/USD,170.62,170.72,11-06-21 07:48:00
LTC/USD,170.62,170.71,11-06-21 07:47:50
LTC/USD,170.78,170.95,11-06-21 07:47:40
LTC/USD,171.12,171.22,11-06-21 07:47:30
LTC/USD,171.03,171.21,11-06-21 07:47:20
LTC/USD,170.9,171.04,11-06-21 07:47:10
LTC/USD,170.62,170.65,11-06-21 07:47:00
LTC/USD,170.62,170.65,11-06-21 07:46:50
LTC/USD,170.62,170.66,11-06-21 07:46:40
LTC/USD,170.67,170.81,11-06-21 07:46:30
LTC/USD,170.66,170.81,11-06-21 07:46:20
LTC/USD,170.85,170.94,11-06-21 07:46:10
LTC/USD,170.87,171.01,11-06-21 07:46:00
LTC/USD,170.93,171.01,11-06-21 07:45:50
LTC/USD,171,171.19,11-06-21 07:45:40
LTC/USD,171.2,171.25,11-06-21 07:45:30
LTC/USD,171.22,171.3,11-06-21 07:45:20
LTC/USD,171.4,171.51,11-06-21 07:45:10
LTC/USD,171.28,171.33,11-06-21 07:45:00
LTC/USD,171.15,171.17,11-06-21 07:44:50
LTC/USD,171.07,171.14,11-06-21 07:44:40
LTC/USD,171.06,171.14,11-06-21 07:44:30
LTC/USD,171.05,171.09,11-06-21 07:44:20
LTC/USD,170.98,171.01,11-06-21 07:44:10
LTC/USD,170.94,171.04,11-06-21 07:44:00
LTC/USD,171.01,171.09,11-06-21 07:43:50
LTC/USD,170.95,171.05,11-06-21 07:43:40
LTC/USD,170.63,170.77,11-06-21 07:43:30
LTC/USD,170.63,170.77,11-06-21 07:43:20
LTC/USD,170.65,170.8,11-06-21 07:43:10
LTC/USD,170.62,170.72,11-06-21 07:43:00
LTC/USD,170.66,170.8,11-06-21 07:42:50
LTC/USD,170.66,170.87,11-06-21 07:42:40
LTC/USD,170.87,170.96,11-06-21 07:42:30
LTC/USD,170.94,171.06,11-06-21 07:42:20
LTC/USD,171.29,171.34,11-06-21 07:42:10
LTC/USD,171.29,171.34,11-06-21 07:42:00
LTC/USD,171.29,171.34,11-06-21 07:41:50
LTC/USD,171.29,171.36,11-06-21 07:41:40
LTC/USD,171.3,171.42,11-06-21 07:41:30
LTC/USD,171.3,171.4,11-06-21 07:41:20
LTC/USD,171.3,171.4,11-06-21 07:41:10
LTC/USD,171.36,171.48,11-06-21 07:41:00
LTC/USD,171.36,171.48,11-06-21 07:40:50
LTC/USD,171.4,171.51,11-06-21 07:40:40
LTC/USD,171.48,171.59,11-06-21 07:40:30
LTC/USD,171.53,171.66,11-06-21 07:40:20
LTC/USD,171.4,171.54,11-06-21 07:40:10
LTC/USD,171.35,171.49,11-06-21 07:40:00
LTC/USD,171.33,171.46,11-06-21 07:39:50
LTC/USD,171.33,171.5,11-06-21 07:39:40
LTC/USD,171.33,171.41,11-06-21 07:39:30
LTC/USD,171.29,171.44,11-06-21 07:39:20
LTC/USD,171.34,171.44,11-06-21 07:39:10
LTC/USD,171.29,171.35,11-06-21 07:39:00
LTC/USD,171.29,171.36,11-06-21 07:38:50
LTC/USD,171.29,171.32,11-06-21 07:38:40
LTC/USD,171.29,171.3,11-06-21 07:38:30
LTC/USD,171.29,171.34,11-06-21 07:38:20
LTC/USD,171.29,171.42,11-06-21 07:38:10
LTC/USD,171.62,171.63,11-06-21 07:38:00
LTC/USD,171.62,171.63,11-06-21 07:37:50
LTC/USD,171.6,171.61,11-06-21 07:37:40
LTC/USD,171.63,171.64,11-06-21 07:37:30
LTC/USD,171.56,171.61,11-06-21 07:37:20
LTC/USD,171.44,171.57,11-06-21 07:37:10
LTC/USD,171.53,171.65,11-06-21 07:37:00
LTC/USD,171.66,171.78,11-06-21 07:36:50
LTC/USD,171.68,171.81,11-06-21 07:36:40
LTC/USD,171.84,171.93,11-06-21 07:36:30
LTC/USD,171.66,171.8,11-06-21 07:36:20
LTC/USD,171.85,171.96,11-06-21 07:36:10
LTC/USD,172.21,172.33,11-06-21 07:36:00
LTC/USD,172.14,172.25,11-06-21 07:35:50
LTC/USD,172.33,172.45,11-06-21 07:35:40
LTC/USD,172.32,172.45,11-06-21 07:35:30
LTC/USD,172.22,172.32,11-06-21 07:35:20
LTC/USD,172.28,172.43,11-06-21 07:35:10
LTC/USD,172.23,172.39,11-06-21 07:35:00
LTC/USD,172.21,172.38,11-06-21 07:34:50
LTC/USD,172.25,172.46,11-06-21 07:34:40
LTC/USD,172.33,172.49,11-06-21 07:34:30
LTC/USD,172.2,172.42,11-06-21 07:34:20
LTC/USD,172.13,172.2,11-06-21 07:34:10
LTC/USD,172,172.11,11-06-21 07:34:00
LTC/USD,171.98,172.11,11-06-21 07:33:50
LTC/USD,172,172.11,11-06-21 07:33:40
LTC/USD,171.93,172,11-06-21 07:33:30
LTC/USD,171.75,171.9,11-06-21 07:33:20
LTC/USD,171.79,171.9,11-06-21 07:33:10
LTC/USD,171.87,171.9,11-06-21 07:33:00
LTC/USD,171.88,171.9,11-06-21 07:32:50
LTC/USD,171.71,171.83,11-06-21 07:32:40
LTC/USD,171.6,171.7,11-06-21 07:32:30
LTC/USD,171.43,171.71,11-06-21 07:32:20
LTC/USD,171.21,171.27,11-06-21 07:32:10
LTC/USD,170.92,171.04,11-06-21 07:32:00
LTC/USD,170.82,170.95,11-06-21 07:31:50
LTC/USD,170.53,170.63,11-06-21 07:31:40
LTC/USD,170.5,170.61,11-06-21 07:31:30
LTC/USD,170.44,170.49,11-06-21 07:31:20
LTC/USD,170.3,170.41,11-06-21 07:31:10
LTC/USD,170.29,170.41,11-06-21 07:31:00
LTC/USD,170.29,170.41,11-06-21 07:30:50
LTC/USD,170.14,170.2,11-06-21 07:30:40
LTC/USD,170.13,170.26,11-06-21 07:30:30
LTC/USD,170.28,170.42,11-06-21 07:30:20
LTC/USD,170.35,170.42,11-06-21 07:30:10
LTC/USD,170.37,170.46,11-06-21 07:30:00
LTC/USD,170.37,170.46,11-06-21 07:29:50
LTC/USD,170.36,170.44,11-06-21 07:29:40
LTC/USD,170.29,170.38,11-06-21 07:29:30
LTC/USD,170.34,170.49,11-06-21 07:29:20
LTC/USD,170.33,170.44,11-06-21 07:29:10
LTC/USD,170.45,170.54,11-06-21 07:29:00
LTC/USD,170.47,170.62,11-06-21 07:28:50
LTC/USD,170.5,170.61,11-06-21 07:28:40
LTC/USD,170.41,170.55,11-06-21 07:28:30
LTC/USD,170.43,170.53,11-06-21 07:28:20
LTC/USD,170.29,170.38,11-06-21 07:28:10
LTC/USD,170.26,170.34,11-06-21 07:28:00
LTC/USD,170.28,170.39,11-06-21 07:27:50
LTC/USD,170.25,170.35,11-06-21 07:27:40
LTC/USD,170.32,170.36,11-06-21 07:27:30
LTC/USD,170.31,170.43,11-06-21 07:27:20
LTC/USD,170.37,170.43,11-06-21 07:27:10
LTC/USD,170.34,170.45,11-06-21 07:27:00
LTC/USD,170.34,170.46,11-06-21 07:26:50
LTC/USD,170.46,170.52,11-06-21 07:26:40
LTC/USD,170.39,170.5,11-06-21 07:26:30
LTC/USD,170.31,170.36,11-06-21 07:26:20
LTC/USD,170.28,170.38,11-06-21 07:26:10
LTC/USD,170.21,170.34,11-06-21 07:26:00
LTC/USD,170.08,170.09,11-06-21 07:25:50
LTC/USD,170.03,170.09,11-06-21 07:25:40
LTC/USD,169.98,170.07,11-06-21 07:25:30
LTC/USD,169.95,170.02,11-06-21 07:25:20
LTC/USD,169.93,170.05,11-06-21 07:25:10
LTC/USD,169.94,170.04,11-06-21 07:25:00
LTC/USD,170.07,170.15,11-06-21 07:24:50
LTC/USD,170.03,170.14,11-06-21 07:24:40
LTC/USD,170.01,170.14,11-06-21 07:24:30
LTC/USD,170.04,170.1,11-06-21 07:24:20
LTC/USD,170.07,170.14,11-06-21 07:24:10
LTC/USD,170,170.11,11-06-21 07:24:00
LTC/USD,170.03,170.13,11-06-21 07:23:50
LTC/USD,169.96,170.06,11-06-21 07:23:40
LTC/USD,169.96,170.09,11-06-21 07:23:30
LTC/USD,169.99,170.11,11-06-21 07:23:20
LTC/USD,170.02,170.11,11-06-21 07:23:10
LTC/USD,170.14,170.21,11-06-21 07:23:00
LTC/USD,170.14,170.24,11-06-21 07:22:50
LTC/USD,170.09,170.21,11-06-21 07:22:40
LTC/USD,170.12,170.19,11-06-21 07:22:30
LTC/USD,170.18,170.32,11-06-21 07:22:20
LTC/USD,170.21,170.25,11-06-21 07:22:10
LTC/USD,170.15,170.24,11-06-21 07:22:00
LTC/USD,170.12,170.21,11-06-21 07:21:50
LTC/USD,170.12,170.23,11-06-21 07:21:40
LTC/USD,170.17,170.27,11-06-21 07:21:30
LTC/USD,170.04,170.16,11-06-21 07:21:20
LTC/USD,170.1,170.22,11-06-21 07:21:10
LTC/USD,170.21,170.31,11-06-21 07:21:00
LTC/USD,170.17,170.29,11-06-21 07:20:50
LTC/USD,170.22,170.32,11-06-21 07:20:40
LTC/USD,170.26,170.41,11-06-21 07:20:30
LTC/USD,170.29,170.41,11-06-21 07:20:20
LTC/USD,170.27,170.41,11-06-21 07:20:10
LTC/USD,170.31,170.41,11-06-21 07:20:00
LTC/USD,170.18,170.29,11-06-21 07:19:50
LTC/USD,170.11,170.25,11-06-21 07:19:40
LTC/USD,170.07,170.23,11-06-21 07:19:30
LTC/USD,170.22,170.3,11-06-21 07:19:20
LTC/USD,170.28,170.42,11-06-21 07:19:10
LTC/USD,170.34,170.42,11-06-21 07:19:00
LTC/USD,170.3,170.42,11-06-21 07:18:50
LTC/USD,170.27,170.41,11-06-21 07:18:40
LTC/USD,170.26,170.35,11-06-21 07:18:30
LTC/USD,170.09,170.23,11-06-21 07:18:20
LTC/USD,170.02,170.14,11-06-21 07:18:10
LTC/USD,169.95,170.06,11-06-21 07:18:00
LTC/USD,169.93,170.01,11-06-21 07:17:50
LTC/USD,169.98,170.11,11-06-21 07:17:40
LTC/USD,169.94,170.06,11-06-21 07:17:30
LTC/USD,170.1,170.17,11-06-21 07:17:20
LTC/USD,170.11,170.24,11-06-21 07:17:10
LTC/USD,169.89,170,11-06-21 07:17:00
LTC/USD,169.87,169.98,11-06-21 07:16:50
LTC/USD,169.87,169.97,11-06-21 07:16:40
LTC/USD,169.79,169.9,11-06-21 07:16:30
LTC/USD,169.8,169.91,11-06-21 07:16:20
LTC/USD,169.86,169.97,11-06-21 07:16:10
LTC/USD,169.86,169.97,11-06-21 07:16:00
LTC/USD,169.86,169.97,11-06-21 07:15:50
LTC/USD,169.83,169.97,11-06-21 07:15:40
LTC/USD,169.8,169.94,11-06-21 07:15:30
LTC/USD,169.68,169.82,11-06-21 07:15:20
LTC/USD,169.64,169.75,11-06-21 07:15:10
LTC/USD,169.51,169.63,11-06-21 07:15:00
LTC/USD,169.51,169.64,11-06-21 07:14:50
LTC/USD,169.58,169.67,11-06-21 07:14:40
LTC/USD,169.47,169.62,11-06-21 07:14:30
LTC/USD,169.46,169.58,11-06-21 07:14:20
LTC/USD,169.51,169.65,11-06-21 07:14:10
LTC/USD,169.51,169.6,11-06-21 07:14:00
LTC/USD,169.48,169.6,11-06-21 07:13:50
LTC/USD,169.47,169.6,11-06-21 07:13:40
LTC/USD,169.62,169.75,11-06-21 07:13:30
LTC/USD,169.54,169.67,11-06-21 07:13:20
LTC/USD,169.45,169.6,11-06-21 07:13:10
LTC/USD,169.36,169.52,11-06-21 07:13:00
LTC/USD,169.35,169.52,11-06-21 07:12:50
LTC/USD,169.63,169.74,11-06-21 07:12:40
LTC/USD,169.58,169.73,11-06-21 07:12:30
LTC/USD,169.62,169.75,11-06-21 07:12:20
LTC/USD,169.62,169.72,11-06-21 07:12:10
LTC/USD,169.62,169.71,11-06-21 07:12:00
LTC/USD,169.62,169.76,11-06-21 07:11:50
LTC/USD,169.62,169.76,11-06-21 07:11:40
LTC/USD,169.65,169.77,11-06-21 07:11:30
LTC/USD,169.76,169.87,11-06-21 07:11:20
LTC/USD,169.77,169.9,11-06-21 07:11:10
LTC/USD,169.71,169.83,11-06-21 07:11:00
LTC/USD,169.78,169.9,11-06-21 07:10:50
LTC/USD,169.69,169.72,11-06-21 07:10:40
LTC/USD,169.65,169.72,11-06-21 07:10:30
LTC/USD,169.65,169.72,11-06-21 07:10:20
LTC/USD,169.55,169.7,11-06-21 07:10:10
LTC/USD,169.49,169.65,11-06-21 07:10:00
LTC/USD,169.59,169.71,11-06-21 07:09:50
LTC/USD,169.65,169.8,11-06-21 07:09:40
LTC/USD,169.69,169.81,11-06-21 07:09:30
LTC/USD,169.53,169.66,11-06-21 07:09:20
LTC/USD,169.42,169.5,11-06-21 07:09:10
LTC/USD,169.36,169.47,11-06-21 07:09:00
LTC/USD,169.3,169.39,11-06-21 07:08:50
LTC/USD,169.34,169.44,11-06-21 07:08:40
LTC/USD,169.27,169.37,11-06-21 07:08:30
LTC/USD,169.43,169.5,11-06-21 07:08:20
LTC/USD,169.48,169.5,11-06-21 07:08:10
LTC/USD,169.46,169.5,11-06-21 07:08:00
LTC/USD,169.42,169.49,11-06-21 07:07:50
LTC/USD,169.45,169.5,11-06-21 07:07:40
LTC/USD,169.4,169.49,11-06-21 07:07:30
LTC/USD,169.42,169.5,11-06-21 07:07:20
LTC/USD,169.38,169.47,11-06-21 07:07:10
LTC/USD,169.31,169.43,11-06-21 07:07:00
LTC/USD,169.31,169.43,11-06-21 07:06:50
LTC/USD,169.33,169.45,11-06-21 07:06:40
LTC/USD,169.33,169.44,11-06-21 07:06:30
LTC/USD,169.3,169.44,11-06-21 07:06:20
LTC/USD,169.39,169.51,11-06-21 07:06:10
LTC/USD,169.32,169.52,11-06-21 07:06:00
LTC/USD,169.23,169.39,11-06-21 07:05:50
LTC/USD,169.4,169.51,11-06-21 07:05:40
LTC/USD,169.41,169.57,11-06-21 07:05:30
LTC/USD,169.45,169.61,11-06-21 07:05:20
LTC/USD,169.75,169.88,11-06-21 07:05:10
LTC/USD,169.52,169.67,11-06-21 07:05:00
LTC/USD,169.45,169.62,11-06-21 07:04:50
LTC/USD,169.48,169.66,11-06-21 07:04:40
LTC/USD,169.65,169.78,11-06-21 07:04:30
LTC/USD,169.81,169.91,11-06-21 07:04:20
LTC/USD,169.88,170,11-06-21 07:04:10
LTC/USD,169.89,170,11-06-21 07:04:00
LTC/USD,170,170.14,11-06-21 07:03:50
LTC/USD,170.07,170.23,11-06-21 07:03:40
LTC/USD,170.2,170.33,11-06-21 07:03:30
LTC/USD,170.25,170.39,11-06-21 07:03:20
LTC/USD,170.16,170.32,11-06-21 07:03:10
LTC/USD,170.08,170.19,11-06-21 07:03:00
LTC/USD,170.13,170.23,11-06-21 07:02:50
LTC/USD,170.35,170.37,11-06-21 07:02:40
LTC/USD,170.32,170.35,11-06-21 07:02:30
LTC/USD,170.28,170.35,11-06-21 07:02:20
LTC/USD,170.23,170.35,11-06-21 07:02:10
LTC/USD,170.23,170.35,11-06-21 07:02:00
LTC/USD,170.04,170.11,11-06-21 07:01:50
LTC/USD,170,170.11,11-06-21 07:01:40
LTC/USD,170,170.11,11-06-21 07:01:30
LTC/USD,170,170.11,11-06-21 07:01:20
LTC/USD,170.03,170.18,11-06-21 07:01:10
LTC/USD,170.16,170.28,11-06-21 07:01:00
LTC/USD,170.16,170.28,11-06-21 07:00:50
LTC/USD,170.15,170.27,11-06-21 07:00:40
LTC/USD,170.13,170.31,11-06-21 07:00:30
LTC/USD,170.11,170.3,11-06-21 07:00:20
LTC/USD,170.06,170.17,11-06-21 07:00:10
LTC/USD,169.84,169.96,11-06-21 07:00:00
LTC/USD,169.94,170.12,11-06-21 06:59:50
LTC/USD,169.93,170.06,11-06-21 06:59:40
LTC/USD,169.89,170.04,11-06-21 06:59:30
LTC/USD,169.67,169.81,11-06-21 06:59:20
LTC/USD,169.65,169.81,11-06-21 06:59:10
LTC/USD,169.64,169.73,11-06-21 06:59:00
LTC/USD,169.67,169.8,11-06-21 06:58:50
LTC/USD,169.77,169.91,11-06-21 06:58:40
LTC/USD,169.78,169.92,11-06-21 06:58:30
LTC/USD,169.78,169.94,11-06-21 06:58:20
LTC/USD,169.63,169.78,11-06-21 06:58:10
LTC/USD,169.61,169.72,11-06-21 06:58:00
LTC/USD,169.72,169.82,11-06-21 06:57:50
LTC/USD,170.03,170.06,11-06-21 06:57:40
LTC/USD,170.03,170.1,11-06-21 06:57:30
LTC/USD,170.03,170.11,11-06-21 06:57:20
LTC/USD,170.03,170.11,11-06-21 06:57:10
LTC/USD,170.22,170.28,11-06-21 06:57:00
LTC/USD,170.2,170.28,11-06-21 06:56:50
LTC/USD,170.11,170.13,11-06-21 06:56:40
LTC/USD,170.12,170.13,11-06-21 06:56:30
LTC/USD,170.12,170.13,11-06-21 06:56:20
LTC/USD,170.12,170.13,11-06-21 06:56:10
LTC/USD,170.12,170.13,11-06-21 06:56:00
LTC/USD,170.12,170.13,11-06-21 06:55:50
LTC/USD,170.12,170.13,11-06-21 06:55:40
LTC/USD,170.12,170.13,11-06-21 06:55:30
LTC/USD,170.17,170.21,11-06-21 06:55:20
LTC/USD,170.17,170.24,11-06-21 06:55:10
LTC/USD,170.27,170.3,11-06-21 06:55:00
LTC/USD,170.27,170.31,11-06-21 06:54:50
LTC/USD,170.28,170.37,11-06-21 06:54:40
LTC/USD,170.31,170.33,11-06-21 06:54:30
LTC/USD,170.31,170.33,11-06-21 06:54:20
LTC/USD,170.26,170.33,11-06-21 06:54:10
LTC/USD,170.25,170.32,11-06-21 06:54:00
LTC/USD,170.24,170.35,11-06-21 06:53:50
LTC/USD,170.26,170.38,11-06-21 06:53:40
LTC/USD,170.3,170.39,11-06-21 06:53:30
LTC/USD,170.36,170.4,11-06-21 06:53:20
LTC/USD,170.35,170.46,11-06-21 06:53:10
LTC/USD,170.45,170.58,11-06-21 06:53:00
LTC/USD,170.4,170.52,11-06-21 06:52:50
LTC/USD,170.44,170.56,11-06-21 06:52:40
LTC/USD,170.44,170.55,11-06-21 06:52:30
LTC/USD,170.47,170.57,11-06-21 06:52:20
LTC/USD,170.51,170.62,11-06-21 06:52:10
LTC/USD,170.49,170.66,11-06-21 06:52:00
LTC/USD,170.55,170.67,11-06-21 06:51:50
LTC/USD,170.49,170.61,11-06-21 06:51:40
LTC/USD,170.49,170.61,11-06-21 06:51:30
LTC/USD,170.46,170.56,11-06-21 06:51:20
LTC/USD,170.41,170.52,11-06-21 06:51:10
LTC/USD,170.46,170.6,11-06-21 06:51:00
LTC/USD,170.54,170.66,11-06-21 06:50:50
LTC/USD,170.54,170.66,11-06-21 06:50:40
LTC/USD,170.4,170.5,11-06-21 06:50:30
LTC/USD,170.43,170.56,11-06-21 06:50:20
LTC/USD,170.37,170.5,11-06-21 06:50:10
LTC/USD,170.38,170.55,11-06-21 06:50:00
LTC/USD,170.49,170.61,11-06-21 06:49:50
LTC/USD,170.58,170.7,11-06-21 06:49:40
LTC/USD,170.58,170.7,11-06-21 06:49:30
LTC/USD,170.5,170.62,11-06-21 06:49:20
LTC/USD,170.41,170.52,11-06-21 06:49:10
LTC/USD,170.42,170.55,11-06-21 06:49:00
LTC/USD,170.45,170.56,11-06-21 06:48:50
LTC/USD,170.45,170.54,11-06-21 06:48:40
LTC/USD,170.45,170.49,11-06-21 06:48:30
LTC/USD,170.59,170.66,11-06-21 06:48:20
LTC/USD,170.6,170.7,11-06-21 06:48:10
LTC/USD,170.56,170.64,11-06-21 06:48:00
LTC/USD,170.7,170.77,11-06-21 06:47:50
LTC/USD,170.8,170.9,11-06-21 06:47:40
LTC/USD,170.73,170.85,11-06-21 06:47:30
LTC/USD,170.72,170.85,11-06-21 06:47:20
LTC/USD,170.78,170.89,11-06-21 06:47:10
LTC/USD,170.85,171,11-06-21 06:47:00
LTC/USD,171,171.13,11-06-21 06:46:50
LTC/USD,170.98,171.13,11-06-21 06:46:40
LTC/USD,170.9,171.05,11-06-21 06:46:30
LTC/USD,170.77,170.91,11-06-21 06:46:20
LTC/USD,170.85,170.99,11-06-21 06:46:10
LTC/USD,171.05,171.19,11-06-21 06:46:00
LTC/USD,171.15,171.27,11-06-21 06:45:50
LTC/USD,171.11,171.22,11-06-21 06:45:40
LTC/USD,170.97,171.11,11-06-21 06:45:30
LTC/USD,170.84,170.98,11-06-21 06:45:20
LTC/USD,170.73,170.87,11-06-21 06:45:10
LTC/USD,170.54,170.66,11-06-21 06:45:00
LTC/USD,170.56,170.63,11-06-21 06:44:50
LTC/USD,170.62,170.72,11-06-21 06:44:40
LTC/USD,170.62,170.72,11-06-21 06:44:30
LTC/USD,170.62,170.72,11-06-21 06:44:20
LTC/USD,170.62,170.67,11-06-21 06:44:10
LTC/USD,170.62,170.67,11-06-21 06:44:00
LTC/USD,170.62,170.73,11-06-21 06:43:50
LTC/USD,170.66,170.78,11-06-21 06:43:40
LTC/USD,170.87,170.98,11-06-21 06:43:30
LTC/USD,170.83,170.98,11-06-21 06:43:20
LTC/USD,170.94,171.04,11-06-21 06:43:10
LTC/USD,170.81,170.96,11-06-21 06:43:00
LTC/USD,171.02,171.14,11-06-21 06:42:50
LTC/USD,171.27,171.35,11-06-21 06:42:40
LTC/USD,171.2,171.25,11-06-21 06:42:30
LTC/USD,170.96,171.08,11-06-21 06:42:20
LTC/USD,170.96,171.08,11-06-21 06:42:10
LTC/USD,170.96,171.08,11-06-21 06:42:00
LTC/USD,170.98,171.06,11-06-21 06:41:50
LTC/USD,170.8,170.92,11-06-21 06:41:40
LTC/USD,170.81,170.95,11-06-21 06:41:30
LTC/USD,170.8,170.91,11-06-21 06:41:20
LTC/USD,170.8,170.91,11-06-21 06:41:10
LTC/USD,170.83,170.95,11-06-21 06:41:00
LTC/USD,170.82,170.95,11-06-21 06:40:50
LTC/USD,170.85,170.96,11-06-21 06:40:40
LTC/USD,170.87,171.01,11-06-21 06:40:30
LTC/USD,170.96,171.08,11-06-21 06:40:20
LTC/USD,170.87,171.05,11-06-21 06:40:10
LTC/USD,170.89,170.99,11-06-21 06:40:00
LTC/USD,171.09,171.18,11-06-21 06:39:50
LTC/USD,171.09,171.18,11-06-21 06:39:40
LTC/USD,171.09,171.22,11-06-21 06:39:30
LTC/USD,171.21,171.35,11-06-21 06:39:20
LTC/USD,171.23,171.36,11-06-21 06:39:10
LTC/USD,171.31,171.41,11-06-21 06:39:00
LTC/USD,171.31,171.39,11-06-21 06:38:50
LTC/USD,171.31,171.37,11-06-21 06:38:40
LTC/USD,171.28,171.37,11-06-21 06:38:30
LTC/USD,171.28,171.37,11-06-21 06:38:20
LTC/USD,171.28,171.37,11-06-21 06:38:10
LTC/USD,171.27,171.35,11-06-21 06:38:00
LTC/USD,171.28,171.4,11-06-21 06:37:50
LTC/USD,171.28,171.38,11-06-21 06:37:40
LTC/USD,171.26,171.33,11-06-21 06:37:30
LTC/USD,171.35,171.43,11-06-21 06:37:20
LTC/USD,171.34,171.43,11-06-21 06:37:10
LTC/USD,171.31,171.41,11-06-21 06:37:00
LTC/USD,171.37,171.46,11-06-21 06:36:50
LTC/USD,171.43,171.57,11-06-21 06:36:40
LTC/USD,171.44,171.59,11-06-21 06:36:30
LTC/USD,171.34,171.48,11-06-21 06:36:20
LTC/USD,171.28,171.44,11-06-21 06:36:10
LTC/USD,171.27,171.4,11-06-21 06:36:00
LTC/USD,171.5,171.6,11-06-21 06:35:50
LTC/USD,171.62,171.75,11-06-21 06:35:40
LTC/USD,171.5,171.6,11-06-21 06:35:30
LTC/USD,171.53,171.66,11-06-21 06:35:20
LTC/USD,171.55,171.66,11-06-21 06:35:10
LTC/USD,171.56,171.65,11-06-21 06:35:00
LTC/USD,171.53,171.63,11-06-21 06:34:50
LTC/USD,171.53,171.63,11-06-21 06:34:40
LTC/USD,171.48,171.63,11-06-21 06:34:30
LTC/USD,171.6,171.72,11-06-21 06:34:20
LTC/USD,171.7,171.84,11-06-21 06:34:10
LTC/USD,171.84,171.95,11-06-21 06:34:00
LTC/USD,171.86,171.95,11-06-21 06:33:50
LTC/USD,171.8,171.95,11-06-21 06:33:40
LTC/USD,171.79,171.94,11-06-21 06:33:30
LTC/USD,171.85,172.04,11-06-21 06:33:20
LTC/USD,171.87,172.05,11-06-21 06:33:10
LTC/USD,172.03,172.17,11-06-21 06:33:00
LTC/USD,172.2,172.32,11-06-21 06:32:50
LTC/USD,172.15,172.26,11-06-21 06:32:40
LTC/USD,172.08,172.11,11-06-21 06:32:30
LTC/USD,172.04,172.11,11-06-21 06:32:20
LTC/USD,171.94,171.95,11-06-21 06:32:10
LTC/USD,171.73,171.83,11-06-21 06:32:00
LTC/USD,171.62,171.69,11-06-21 06:31:50
LTC/USD,171.5,171.63,11-06-21 06:31:40
LTC/USD,171.52,171.61,11-06-21 06:31:30
LTC/USD,171.43,171.48,11-06-21 06:31:20
LTC/USD,171.38,171.46,11-06-21 06:31:10
LTC/USD,171.25,171.27,11-06-21 06:31:00
LTC/USD,171.25,171.27,11-06-21 06:30:50
LTC/USD,171.2,171.27,11-06-21 06:30:40
LTC/USD,171.18,171.27,11-06-21 06:30:30
LTC/USD,171.13,171.25,11-06-21 06:30:20
LTC/USD,171.01,171.15,11-06-21 06:30:10
LTC/USD,170.95,171.11,11-06-21 06:30:00
LTC/USD,171.08,171.21,11-06-21 06:29:50
LTC/USD,171.11,171.25,11-06-21 06:29:40
LTC/USD,171.01,171.17,11-06-21 06:29:30
LTC/USD,170.95,171.09,11-06-21 06:29:20
LTC/USD,170.92,171.1,11-06-21 06:29:10
LTC/USD,171.05,171.06,11-06-21 06:29:00
LTC/USD,170.93,171.06,11-06-21 06:28:50
LTC/USD,170.74,170.9,11-06-21 06:28:40
LTC/USD,170.68,170.8,11-06-21 06:28:30
LTC/USD,170.68,170.79,11-06-21 06:28:20
LTC/USD,170.62,170.77,11-06-21 06:28:10
LTC/USD,170.45,170.6,11-06-21 06:28:00
LTC/USD,170.46,170.63,11-06-21 06:27:50
LTC/USD,170.49,170.66,11-06-21 06:27:40
LTC/USD,170.49,170.63,11-06-21 06:27:30
LTC/USD,170.55,170.68,11-06-21 06:27:20
LTC/USD,170.73,170.86,11-06-21 06:27:10
LTC/USD,170.66,170.87,11-06-21 06:27:00
LTC/USD,170.65,170.86,11-06-21 06:26:50
LTC/USD,170.7,170.84,11-06-21 06:26:40
LTC/USD,170.57,170.68,11-06-21 06:26:30
LTC/USD,170.54,170.68,11-06-21 06:26:20
LTC/USD,170.41,170.6,11-06-21 06:26:10
LTC/USD,170.61,170.86,11-06-21 06:26:00
LTC/USD,170.71,170.91,11-06-21 06:25:50
LTC/USD,170.66,170.82,11-06-21 06:25:40
LTC/USD,170.54,170.72,11-06-21 06:25:30
LTC/USD,170.56,170.7,11-06-21 06:25:20
LTC/USD,170.42,170.57,11-06-21 06:25:10
LTC/USD,170.35,170.52,11-06-21 06:25:00
LTC/USD,170.25,170.37,11-06-21 06:24:50
LTC/USD,170.45,170.61,11-06-21 06:24:40
LTC/USD,170.55,170.72,11-06-21 06:24:30
LTC/USD,170.89,171.05,11-06-21 06:24:20
LTC/USD,169.97,170,11-06-21 06:24:10
LTC/USD,169.97,170,11-06-21 06:24:00
LTC/USD,169.98,170,11-06-21 06:23:50
LTC/USD,169.98,170,11-06-21 06:23:40
LTC/USD,169.97,170,11-06-21 06:23:30
LTC/USD,169.86,169.96,11-06-21 06:23:20
LTC/USD,169.75,169.88,11-06-21 06:23:10
LTC/USD,169.92,170.04,11-06-21 06:23:00
LTC/USD,170.14,170.24,11-06-21 06:22:50
LTC/USD,170.13,170.28,11-06-21 06:22:40
LTC/USD,170.09,170.22,11-06-21 06:22:30
LTC/USD,170.31,170.35,11-06-21 06:22:20
LTC/USD,170.09,170.18,11-06-21 06:22:10
LTC/USD,169.95,170.05,11-06-21 06:22:00
LTC/USD,169.93,170.06,11-06-21 06:21:50
LTC/USD,169.92,170.09,11-06-21 06:21:40
LTC/USD,169.92,170.04,11-06-21 06:21:30
LTC/USD,170,170.09,11-06-21 06:21:20
LTC/USD,170.06,170.1,11-06-21 06:21:10
LTC/USD,170.06,170.13,11-06-21 06:21:00
LTC/USD,170.06,170.17,11-06-21 06:20:50
LTC/USD,170.06,170.2,11-06-21 06:20:40
LTC/USD,169.79,169.94,11-06-21 06:20:30
LTC/USD,169.75,169.8,11-06-21 06:20:20
LTC/USD,170.05,170.19,11-06-21 06:20:10
LTC/USD,170.18,170.31,11-06-21 06:20:00
LTC/USD,170.22,170.37,11-06-21 06:19:50
LTC/USD,170.28,170.43,11-06-21 06:19:40
LTC/USD,170.25,170.35,11-06-21 06:19:30
LTC/USD,170.37,170.54,11-06-21 06:19:20
LTC/USD,170.46,170.57,11-06-21 06:19:10
LTC/USD,170.54,170.66,11-06-21 06:19:00
LTC/USD,170.53,170.67,11-06-21 06:18:50
LTC/USD,170.56,170.67,11-06-21 06:18:40
LTC/USD,170.44,170.49,11-06-21 06:18:30
LTC/USD,170.43,170.55,11-06-21 06:18:20
LTC/USD,170.39,170.55,11-06-21 06:18:10
LTC/USD,170.45,170.54,11-06-21 06:18:00
LTC/USD,170.44,170.57,11-06-21 06:17:50
LTC/USD,170.51,170.74,11-06-21 06:17:40
LTC/USD,170.6,170.76,11-06-21 06:17:30
LTC/USD,170.33,170.51,11-06-21 06:17:20
LTC/USD,170.21,170.4,11-06-21 06:17:10
LTC/USD,170,170.17,11-06-21 06:17:00
LTC/USD,170.06,170.27,11-06-21 06:16:50
LTC/USD,170.24,170.32,11-06-21 06:16:40
LTC/USD,170.41,170.58,11-06-21 06:16:30
LTC/USD,170.5,170.65,11-06-21 06:16:20
LTC/USD,170.73,170.89,11-06-21 06:16:10
LTC/USD,170.93,171.01,11-06-21 06:16:00
LTC/USD,170.99,171.1,11-06-21 06:15:50
LTC/USD,171.15,171.29,11-06-21 06:15:40
LTC/USD,171.16,171.28,11-06-21 06:15:30
LTC/USD,171.02,171.17,11-06-21 06:15:20
LTC/USD,170.93,171.02,11-06-21 06:15:10
LTC/USD,171.11,171.23,11-06-21 06:15:00
LTC/USD,171.1,171.25,11-06-21 06:14:50
LTC/USD,171.15,171.25,11-06-21 06:14:40
LTC/USD,171.23,171.35,11-06-21 06:14:30
LTC/USD,171.23,171.33,11-06-21 06:14:20
LTC/USD,171.16,171.27,11-06-21 06:14:10
LTC/USD,171.01,171.15,11-06-21 06:14:00
LTC/USD,171.03,171.14,11-06-21 06:13:50
LTC/USD,170.94,171.08,11-06-21 06:13:40
LTC/USD,170.97,171.08,11-06-21 06:13:30
LTC/USD,171.04,171.14,11-06-21 06:13:20
LTC/USD,171.01,171.13,11-06-21 06:13:10
LTC/USD,171.05,171.15,11-06-21 06:13:00
LTC/USD,171.06,171.16,11-06-21 06:12:50
LTC/USD,171.02,171.12,11-06-21 06:12:40
LTC/USD,170.93,171.04,11-06-21 06:12:30
LTC/USD,170.99,171.11,11-06-21 06:12:20
LTC/USD,171,171.09,11-06-21 06:12:10
LTC/USD,171.06,171.16,11-06-21 06:12:00
LTC/USD,171.09,171.16,11-06-21 06:11:50
LTC/USD,171.13,171.25,11-06-21 06:11:40
LTC/USD,171.06,171.17,11-06-21 06:11:30
LTC/USD,171.05,171.17,11-06-21 06:11:20
LTC/USD,171.05,171.18,11-06-21 06:11:10
LTC/USD,170.97,171.14,11-06-21 06:11:00
LTC/USD,171.27,171.28,11-06-21 06:10:50
LTC/USD,171.24,171.27,11-06-21 06:10:40
LTC/USD,171.23,171.27,11-06-21 06:10:30
LTC/USD,171.12,171.27,11-06-21 06:10:20
LTC/USD,171,171.17,11-06-21 06:10:10
LTC/USD,170.78,170.95,11-06-21 06:10:00
LTC/USD,170.63,170.79,11-06-21 06:09:50
LTC/USD,170.92,171.05,11-06-21 06:09:40
LTC/USD,171.15,171.27,11-06-21 06:09:30
LTC/USD,171.23,171.27,11-06-21 06:09:20
LTC/USD,171.11,171.26,11-06-21 06:09:10
LTC/USD,171.08,171.2,11-06-21 06:09:00
LTC/USD,170.89,170.96,11-06-21 06:08:50
LTC/USD,170.82,170.96,11-06-21 06:08:40
LTC/USD,170.8,170.96,11-06-21 06:08:30
LTC/USD,170.91,171.01,11-06-21 06:08:20
LTC/USD,170.83,171,11-06-21 06:08:10
LTC/USD,170.92,171.05,11-06-21 06:08:00
LTC/USD,170.79,170.97,11-06-21 06:07:50
LTC/USD,170.59,170.72,11-06-21 06:07:40
LTC/USD,170.52,170.75,11-06-21 06:07:30
LTC/USD,170.76,170.9,11-06-21 06:07:20
LTC/USD,170.92,171.05,11-06-21 06:07:10
LTC/USD,171,171.14,11-06-21 06:07:00
LTC/USD,171,171.13,11-06-21 06:06:50
LTC/USD,170.9,171.01,11-06-21 06:06:40
LTC/USD,170.79,170.96,11-06-21 06:06:30
LTC/USD,170.63,170.78,11-06-21 06:06:20
LTC/USD,170.51,170.66,11-06-21 06:06:10
LTC/USD,170.43,170.57,11-06-21 06:06:00
LTC/USD,170.45,170.61,11-06-21 06:05:50
LTC/USD,170.59,170.74,11-06-21 06:05:40
LTC/USD,170.53,170.71,11-06-21 06:05:30
LTC/USD,170.57,170.74,11-06-21 06:05:20
LTC/USD,170.54,170.56,11-06-21 06:05:10
LTC/USD,170.39,170.5,11-06-21 06:05:00
LTC/USD,170.42,170.56,11-06-21 06:04:50
LTC/USD,170.37,170.48,11-06-21 06:04:40
LTC/USD,170.37,170.41,11-06-21 06:04:30
LTC/USD,170.37,170.48,11-06-21 06:04:20
LTC/USD,170.38,170.55,11-06-21 06:04:10
LTC/USD,170.38,170.54,11-06-21 06:04:00
LTC/USD,170.45,170.56,11-06-21 06:03:50
LTC/USD,170.17,170.4,11-06-21 06:03:40
LTC/USD,170.35,170.56,11-06-21 06:03:30
LTC/USD,170.23,170.45,11-06-21 06:03:20
LTC/USD,170.04,170.23,11-06-21 06:03:10
LTC/USD,170.39,170.47,11-06-21 06:03:00
LTC/USD,170.37,170.5,11-06-21 06:02:50
LTC/USD,170.28,170.41,11-06-21 06:02:40
LTC/USD,170.53,170.57,11-06-21 06:02:30
LTC/USD,170.68,170.76,11-06-21 06:02:20
LTC/USD,170.86,170.88,11-06-21 06:02:10
LTC/USD,170.84,170.85,11-06-21 06:02:00
LTC/USD,170.7,170.81,11-06-21 06:01:50
LTC/USD,171.26,171.4,11-06-21 06:01:40
LTC/USD,171.37,171.48,11-06-21 06:01:30
LTC/USD,171.37,171.48,11-06-21 06:01:20
LTC/USD,171.45,171.57,11-06-21 06:01:10
LTC/USD,171.46,171.59,11-06-21 06:01:00
LTC/USD,171.58,171.65,11-06-21 06:00:50
LTC/USD,171.58,171.66,11-06-21 06:00:40
LTC/USD,171.56,171.68,11-06-21 06:00:30
LTC/USD,171.57,171.68,11-06-21 06:00:20
LTC/USD,171.48,171.62,11-06-21 06:00:10
LTC/USD,171.35,171.47,11-06-21 06:00:00
LTC/USD,171.36,171.45,11-06-21 05:59:50
LTC/USD,171.31,171.46,11-06-21 05:59:40
LTC/USD,171.31,171.46,11-06-21 05:59:30
LTC/USD,171.36,171.46,11-06-21 05:59:20
LTC/USD,171.4,171.52,11-06-21 05:59:10
LTC/USD,171.49,171.6,11-06-21 05:59:00
LTC/USD,171.46,171.6,11-06-21 05:58:50
LTC/USD,171.5,171.64,11-06-21 05:58:40
LTC/USD,171.45,171.59,11-06-21 05:58:30
LTC/USD,171.53,171.65,11-06-21 05:58:20
LTC/USD,171.53,171.61,11-06-21 05:58:10
LTC/USD,171.48,171.6,11-06-21 05:58:00
LTC/USD,171.45,171.57,11-06-21 05:57:50
LTC/USD,171.51,171.61,11-06-21 05:57:40
LTC/USD,171.48,171.59,11-06-21 05:57:30
LTC/USD,171.5,171.6,11-06-21 05:57:20
LTC/USD,171.52,171.66,11-06-21 05:57:10
LTC/USD,171.53,171.63,11-06-21 05:57:00
LTC/USD,171.64,171.72,11-06-21 05:56:50
LTC/USD,171.64,171.75,11-06-21 05:56:40
LTC/USD,171.71,171.81,11-06-21 05:56:30
LTC/USD,171.7,171.8,11-06-21 05:56:20
LTC/USD,171.71,171.83,11-06-21 05:56:10
LTC/USD,171.92,171.94,11-06-21 05:56:00
LTC/USD,171.9,171.94,11-06-21 05:55:50
LTC/USD,171.9,171.94,11-06-21 05:55:40
LTC/USD,171.87,171.92,11-06-21 05:55:30
LTC/USD,171.75,171.83,11-06-21 05:55:20
LTC/USD,171.73,171.8,11-06-21 05:55:10
LTC/USD,171.61,171.73,11-06-21 05:55:00
LTC/USD,171.55,171.65,11-06-21 05:54:50
LTC/USD,171.54,171.67,11-06-21 05:54:40
LTC/USD,171.51,171.61,11-06-21 05:54:30
LTC/USD,171.52,171.6,11-06-21 05:54:20
LTC/USD,171.58,171.69,11-06-21 05:54:10
LTC/USD,171.67,171.76,11-06-21 05:54:00
LTC/USD,171.67,171.78,11-06-21 05:53:50
LTC/USD,171.68,171.8,11-06-21 05:53:40
LTC/USD,171.62,171.74,11-06-21 05:53:30
LTC/USD,171.61,171.74,11-06-21 05:53:20
LTC/USD,171.61,171.74,11-06-21 05:53:10
LTC/USD,171.74,171.85,11-06-21 05:53:00
LTC/USD,171.74,171.87,11-06-21 05:52:50
LTC/USD,171.73,171.87,11-06-21 05:52:40
LTC/USD,171.87,171.99,11-06-21 05:52:30
LTC/USD,171.87,172.02,11-06-21 05:52:20
LTC/USD,172,172.11,11-06-21 05:52:10
LTC/USD,171.99,172.09,11-06-21 05:52:00
LTC/USD,171.95,172.07,11-06-21 05:51:50
LTC/USD,172.02,172.14,11-06-21 05:51:40
LTC/USD,172.02,172.16,11-06-21 05:51:30
LTC/USD,171.84,171.85,11-06-21 05:51:20
LTC/USD,171.81,171.85,11-06-21 05:51:10
LTC/USD,171.71,171.81,11-06-21 05:51:00
LTC/USD,171.71,171.86,11-06-21 05:50:50
LTC/USD,171.8,171.92,11-06-21 05:50:40
LTC/USD,171.91,172.04,11-06-21 05:50:30
LTC/USD,171.99,172.12,11-06-21 05:50:20
LTC/USD,172.15,172.29,11-06-21 05:50:10
LTC/USD,172.16,172.27,11-06-21 05:50:00
LTC/USD,172.16,172.27,11-06-21 05:49:50
LTC/USD,172.26,172.37,11-06-21 05:49:40
LTC/USD,172.31,172.4,11-06-21 05:49:30
LTC/USD,172.29,172.39,11-06-21 05:49:20
LTC/USD,172.19,172.2,11-06-21 05:49:10
LTC/USD,172.08,172.19,11-06-21 05:49:00
LTC/USD,172.16,172.27,11-06-21 05:48:50
LTC/USD,172.16,172.24,11-06-21 05:48:40
LTC/USD,172.05,172.14,11-06-21 05:48:30
LTC/USD,172.06,172.15,11-06-21 05:48:20
LTC/USD,171.99,172.12,11-06-21 05:48:10
LTC/USD,171.95,172.03,11-06-21 05:48:00
LTC/USD,172,172.07,11-06-21 05:47:50
LTC/USD,172.07,172.17,11-06-21 05:47:40
LTC/USD,172.07,172.17,11-06-21 05:47:30
LTC/USD,172.04,172.16,11-06-21 05:47:20
LTC/USD,172.04,172.13,11-06-21 05:47:10
LTC/USD,172.19,172.31,11-06-21 05:47:00
LTC/USD,172.19,172.31,11-06-21 05:46:50
LTC/USD,172.26,172.32,11-06-21 05:46:40
LTC/USD,172.22,172.32,11-06-21 05:46:30
LTC/USD,172.18,172.29,11-06-21 05:46:20
LTC/USD,172.16,172.28,11-06-21 05:46:10
LTC/USD,172.23,172.32,11-06-21 05:46:00
LTC/USD,172.22,172.31,11-06-21 05:45:50
LTC/USD,172.22,172.32,11-06-21 05:45:40
LTC/USD,172.24,172.32,11-06-21 05:45:30
LTC/USD,172.2,172.23,11-06-21 05:45:20
LTC/USD,172.18,172.26,11-06-21 05:45:10
LTC/USD,172.06,172.15,11-06-21 05:45:00
LTC/USD,172.12,172.22,11-06-21 05:44:50
LTC/USD,172.13,172.21,11-06-21 05:44:40
LTC/USD,172.18,172.25,11-06-21 05:44:30
LTC/USD,172.17,172.23,11-06-21 05:44:20
LTC/USD,172.16,172.27,11-06-21 05:44:10
LTC/USD,172.13,172.26,11-06-21 05:44:00
LTC/USD,172.1,172.21,11-06-21 05:43:50
LTC/USD,172.04,172.16,11-06-21 05:43:40
LTC/USD,172,172.1,11-06-21 05:43:30
LTC/USD,172.04,172.16,11-06-21 05:43:20
LTC/USD,172.04,172.14,11-06-21 05:43:10
LTC/USD,172.03,172.12,11-06-21 05:43:00
LTC/USD,171.99,172.11,11-06-21 05:42:50
LTC/USD,172.04,172.15,11-06-21 05:42:40
LTC/USD,172.03,172.14,11-06-21 05:42:30
LTC/USD,172.01,172.11,11-06-21 05:42:20
LTC/USD,172,172.12,11-06-21 05:42:10
LTC/USD,171.95,172.03,11-06-21 05:42:00
LTC/USD,171.92,172.01,11-06-21 05:41:50
LTC/USD,171.92,172.01,11-06-21 05:41:40
LTC/USD,171.92,172.01,11-06-21 05:41:30
LTC/USD,171.91,171.98,11-06-21 05:41:20
LTC/USD,171.94,172.02,11-06-21 05:41:10
LTC/USD,171.91,171.98,11-06-21 05:41:00
LTC/USD,171.91,172.03,11-06-21 05:40:50
LTC/USD,171.91,172.03,11-06-21 05:40:40
LTC/USD,171.93,172.04,11-06-21 05:40:30
LTC/USD,171.99,172.1,11-06-21 05:40:20
LTC/USD,172.07,172.11,11-06-21 05:40:10
LTC/USD,171.99,172.03,11-06-21 05:40:00
LTC/USD,171.92,172.03,11-06-21 05:39:50
LTC/USD,171.93,172.04,11-06-21 05:39:40
LTC/USD,171.91,172.02,11-06-21 05:39:30
LTC/USD,171.91,172.01,11-06-21 05:39:20
LTC/USD,171.91,171.99,11-06-21 05:39:10
LTC/USD,171.89,171.99,11-06-21 05:39:00
LTC/USD,171.7,171.79,11-06-21 05:38:50
LTC/USD,171.79,171.89,11-06-21 05:38:40
LTC/USD,171.77,171.89,11-06-21 05:38:30
LTC/USD,171.8,171.82,11-06-21 05:38:20
LTC/USD,171.66,171.87,11-06-21 05:38:10
LTC/USD,171.66,171.78,11-06-21 05:38:00
LTC/USD,171.66,171.76,11-06-21 05:37:50
LTC/USD,171.66,171.83,11-06-21 05:37:40
LTC/USD,171.67,171.8,11-06-21 05:37:30
LTC/USD,171.7,171.81,11-06-21 05:37:20
LTC/USD,171.66,171.81,11-06-21 05:37:10
LTC/USD,171.61,171.76,11-06-21 05:37:00
LTC/USD,171.56,171.67,11-06-21 05:36:50
LTC/USD,171.55,171.67,11-06-21 05:36:40
LTC/USD,171.53,171.66,11-06-21 05:36:30
LTC/USD,171.53,171.66,11-06-21 05:36:20
LTC/USD,171.42,171.52,11-06-21 05:36:10
LTC/USD,171.56,171.7,11-06-21 05:36:00
LTC/USD,171.3,171.4,11-06-21 05:35:50
LTC/USD,171.27,171.41,11-06-21 05:35:40
LTC/USD,171.26,171.38,11-06-21 05:35:30
LTC/USD,171.35,171.44,11-06-21 05:35:20
LTC/USD,171.58,171.7,11-06-21 05:35:10
LTC/USD,171.43,171.56,11-06-21 05:35:00
LTC/USD,171.42,171.57,11-06-21 05:34:50
LTC/USD,171.34,171.48,11-06-21 05:34:40
LTC/USD,171.52,171.57,11-06-21 05:34:30
LTC/USD,171.52,171.61,11-06-21 05:34:20
LTC/USD,171.55,171.7,11-06-21 05:34:10
LTC/USD,171.6,171.66,11-06-21 05:34:00
LTC/USD,171.66,171.76,11-06-21 05:33:50
LTC/USD,171.57,171.71,11-06-21 05:33:40
LTC/USD,171.53,171.66,11-06-21 05:33:30
LTC/USD,171.63,171.74,11-06-21 05:33:20
LTC/USD,171.71,171.77,11-06-21 05:33:10
LTC/USD,171.84,171.95,11-06-21 05:33:00
LTC/USD,171.79,171.95,11-06-21 05:32:50
LTC/USD,171.71,171.86,11-06-21 05:32:40
LTC/USD,172.01,172.02,11-06-21 05:32:30
LTC/USD,172.01,172.03,11-06-21 05:32:20
LTC/USD,172.01,172.11,11-06-21 05:32:10
LTC/USD,172.01,172.04,11-06-21 05:32:00
LTC/USD,172.16,172.21,11-06-21 05:31:50
LTC/USD,172.15,172.27,11-06-21 05:31:40
LTC/USD,172.23,172.33,11-06-21 05:31:30
LTC/USD,172.37,172.47,11-06-21 05:31:20
LTC/USD,172.36,172.48,11-06-21 05:31:10
LTC/USD,172.39,172.45,11-06-21 05:31:00
LTC/USD,172.29,172.37,11-06-21 05:30:50
LTC/USD,172.18,172.29,11-06-21 05:30:40
LTC/USD,172.26,172.38,11-06-21 05:30:30
LTC/USD,172.25,172.38,11-06-21 05:30:20
LTC/USD,172.1,172.2,11-06-21 05:30:10
LTC/USD,172.1,172.19,11-06-21 05:30:00
LTC/USD,172.08,172.19,11-06-21 05:29:50
LTC/USD,172.01,172.12,11-06-21 05:29:40
LTC/USD,172.01,172.07,11-06-21 05:29:30
LTC/USD,172,172.01,11-06-21 05:29:20
LTC/USD,172,172.01,11-06-21 05:29:10
LTC/USD,172.07,172.2,11-06-21 05:29:00
LTC/USD,172.06,172.2,11-06-21 05:28:50
LTC/USD,172.1,172.22,11-06-21 05:28:40
LTC/USD,172.22,172.35,11-06-21 05:28:30
LTC/USD,172.24,172.38,11-06-21 05:28:20
LTC/USD,172.24,172.38,11-06-21 05:28:10
LTC/USD,172.09,172.17,11-06-21 05:28:00
LTC/USD,172.09,172.19,11-06-21 05:27:50
LTC/USD,172.05,172.16,11-06-21 05:27:40
LTC/USD,172.13,172.21,11-06-21 05:27:30
LTC/USD,172.14,172.22,11-06-21 05:27:20
LTC/USD,172.16,172.22,11-06-21 05:27:10
LTC/USD,172.3,172.35,11-06-21 05:27:00
LTC/USD,172.36,172.4,11-06-21 05:26:50
LTC/USD,172.38,172.46,11-06-21 05:26:40
LTC/USD,172.39,172.46,11-06-21 05:26:30
LTC/USD,172.38,172.46,11-06-21 05:26:20
LTC/USD,172.36,172.39,11-06-21 05:26:10
LTC/USD,172.37,172.48,11-06-21 05:26:00
LTC/USD,172.4,172.51,11-06-21 05:25:50
LTC/USD,172.4,172.51,11-06-21 05:25:40
LTC/USD,172.44,172.51,11-06-21 05:25:30
LTC/USD,172.55,172.59,11-06-21 05:25:20
LTC/USD,172.55,172.59,11-06-21 05:25:10
LTC/USD,172.55,172.59,11-06-21 05:25:00
LTC/USD,172.59,172.65,11-06-21 05:24:50
LTC/USD,172.59,172.7,11-06-21 05:24:40
LTC/USD,172.6,172.72,11-06-21 05:24:30
LTC/USD,172.57,172.64,11-06-21 05:24:20
LTC/USD,172.57,172.63,11-06-21 05:24:10
LTC/USD,172.55,172.6,11-06-21 05:24:00
LTC/USD,172.55,172.58,11-06-21 05:23:50
LTC/USD,172.55,172.58,11-06-21 05:23:40
LTC/USD,172.56,172.64,11-06-21 05:23:30
LTC/USD,172.56,172.64,11-06-21 05:23:20
LTC/USD,172.55,172.64,11-06-21 05:23:10
LTC/USD,172.55,172.56,11-06-21 05:23:00
LTC/USD,172.55,172.58,11-06-21 05:22:50
LTC/USD,172.55,172.59,11-06-21 05:22:40
LTC/USD,172.57,172.68,11-06-21 05:22:30
LTC/USD,172.57,172.71,11-06-21 05:22:20
LTC/USD,172.58,172.71,11-06-21 05:22:10
LTC/USD,172.55,172.64,11-06-21 05:22:00
LTC/USD,172.55,172.66,11-06-21 05:21:50
LTC/USD,172.58,172.72,11-06-21 05:21:40
LTC/USD,172.7,172.74,11-06-21 05:21:30
LTC/USD,172.7,172.8,11-06-21 05:21:20
LTC/USD,172.74,172.83,11-06-21 05:21:10
LTC/USD,172.86,172.92,11-06-21 05:21:00
LTC/USD,172.83,172.96,11-06-21 05:20:50
LTC/USD,172.82,172.89,11-06-21 05:20:40
LTC/USD,172.88,172.96,11-06-21 05:20:30
LTC/USD,172.89,172.96,11-06-21 05:20:20
LTC/USD,172.86,172.98,11-06-21 05:20:10
LTC/USD,172.83,172.97,11-06-21 05:20:00
LTC/USD,172.93,173.07,11-06-21 05:19:50
LTC/USD,172.83,173.01,11-06-21 05:19:40
LTC/USD,172.97,173.05,11-06-21 05:19:30
LTC/USD,172.92,173.03,11-06-21 05:19:20
LTC/USD,172.78,172.94,11-06-21 05:19:10
LTC/USD,172.81,172.97,11-06-21 05:19:00
LTC/USD,172.85,173.01,11-06-21 05:18:50
LTC/USD,173.09,173.21,11-06-21 05:18:40
LTC/USD,173.09,173.22,11-06-21 05:18:30
LTC/USD,173.1,173.27,11-06-21 05:18:20
LTC/USD,173.09,173.24,11-06-21 05:18:10
LTC/USD,173.07,173.2,11-06-21 05:18:00
LTC/USD,173.08,173.22,11-06-21 05:17:50
LTC/USD,173.12,173.26,11-06-21 05:17:40
LTC/USD,173.12,173.3,11-06-21 05:17:30
LTC/USD,173.25,173.38,11-06-21 05:17:20
LTC/USD,173.4,173.57,11-06-21 05:17:10
LTC/USD,173.25,173.43,11-06-21 05:17:00
LTC/USD,173.22,173.37,11-06-21 05:16:50
LTC/USD,173.22,173.4,11-06-21 05:16:40
LTC/USD,173.05,173.2,11-06-21 05:16:30
LTC/USD,173.01,173.2,11-06-21 05:16:20
LTC/USD,172.77,172.98,11-06-21 05:16:10
LTC/USD,172.81,172.98,11-06-21 05:16:00
LTC/USD,172.85,173.04,11-06-21 05:15:50
LTC/USD,173.02,173.21,11-06-21 05:15:40
LTC/USD,173.6,173.71,11-06-21 05:15:30
LTC/USD,173.61,173.71,11-06-21 05:15:20
LTC/USD,173.42,173.5,11-06-21 05:15:10
LTC/USD,173.36,173.49,11-06-21 05:15:00
LTC/USD,172.92,172.95,11-06-21 05:14:50
LTC/USD,172.82,172.95,11-06-21 05:14:40
LTC/USD,172.82,172.95,11-06-21 05:14:30
LTC/USD,172.82,172.95,11-06-21 05:14:20
LTC/USD,172.66,172.69,11-06-21 05:14:11
LTC/USD,172.62,172.69,11-06-21 05:14:00
LTC/USD,172.54,172.64,11-06-21 05:13:50
LTC/USD,172.56,172.67,11-06-21 05:13:40
LTC/USD,172.59,172.68,11-06-21 05:13:30
LTC/USD,172.24,172.32,11-06-21 05:13:20
LTC/USD,172.25,172.32,11-06-21 05:13:10
LTC/USD,172.24,172.32,11-06-21 05:13:00
LTC/USD,172.22,172.32,11-06-21 05:12:50
LTC/USD,172.21,172.32,11-06-21 05:12:40
LTC/USD,172.24,172.32,11-06-21 05:12:30
LTC/USD,172.25,172.32,11-06-21 05:12:20
LTC/USD,172.25,172.32,11-06-21 05:12:10
LTC/USD,172.25,172.32,11-06-21 05:12:00
LTC/USD,172.22,172.31,11-06-21 05:11:50
LTC/USD,172.19,172.28,11-06-21 05:11:40
LTC/USD,172.07,172.21,11-06-21 05:11:30
LTC/USD,172.13,172.22,11-06-21 05:11:20
LTC/USD,172.02,172.14,11-06-21 05:11:10
LTC/USD,172.06,172.18,11-06-21 05:11:00
LTC/USD,172.16,172.25,11-06-21 05:10:50
LTC/USD,172.11,172.23,11-06-21 05:10:40
LTC/USD,172.11,172.23,11-06-21 05:10:30
LTC/USD,172.09,172.22,11-06-21 05:10:20
LTC/USD,172.11,172.27,11-06-21 05:10:10
LTC/USD,172.16,172.3,11-06-21 05:10:00
LTC/USD,172.19,172.3,11-06-21 05:09:50
LTC/USD,172.11,172.23,11-06-21 05:09:40
LTC/USD,172.1,172.27,11-06-21 05:09:30
LTC/USD,172.18,172.29,11-06-21 05:09:20
LTC/USD,172.15,172.28,11-06-21 05:09:10
LTC/USD,172.15,172.27,11-06-21 05:09:00
LTC/USD,172.05,172.06,11-06-21 05:08:50
LTC/USD,171.95,172.06,11-06-21 05:08:40
LTC/USD,171.97,172.05,11-06-21 05:08:30
LTC/USD,171.98,172.08,11-06-21 05:08:20
LTC/USD,172.02,172.16,11-06-21 05:08:10
LTC/USD,172.15,172.24,11-06-21 05:08:00
LTC/USD,172.17,172.31,11-06-21 05:07:50
LTC/USD,172.17,172.31,11-06-21 05:07:40
LTC/USD,172.1,172.26,11-06-21 05:07:30
LTC/USD,171.97,172.06,11-06-21 05:07:20
LTC/USD,171.92,172.06,11-06-21 05:07:10
LTC/USD,171.98,172.11,11-06-21 05:07:00
LTC/USD,171.93,172.11,11-06-21 05:06:50
LTC/USD,171.99,172.12,11-06-21 05:06:40
LTC/USD,171.98,172.11,11-06-21 05:06:30
LTC/USD,172.08,172.2,11-06-21 05:06:20
LTC/USD,171.98,172.14,11-06-21 05:06:10
LTC/USD,172.07,172.2,11-06-21 05:06:00
LTC/USD,172.1,172.28,11-06-21 05:05:50
LTC/USD,172.07,172.18,11-06-21 05:05:40
LTC/USD,171.95,172.06,11-06-21 05:05:30
LTC/USD,171.87,171.89,11-06-21 05:05:20
LTC/USD,171.77,171.88,11-06-21 05:05:10
LTC/USD,171.77,171.87,11-06-21 05:05:00
LTC/USD,171.77,171.89,11-06-21 05:04:50
LTC/USD,171.77,171.89,11-06-21 05:04:40
LTC/USD,171.75,171.86,11-06-21 05:04:30
LTC/USD,171.73,171.87,11-06-21 05:04:20
LTC/USD,171.69,171.8,11-06-21 05:04:10
LTC/USD,171.69,171.82,11-06-21 05:04:00
LTC/USD,171.7,171.79,11-06-21 05:03:50
LTC/USD,171.66,171.72,11-06-21 05:03:40
LTC/USD,171.66,171.78,11-06-21 05:03:30
LTC/USD,171.64,171.72,11-06-21 05:03:20
LTC/USD,171.64,171.76,11-06-21 05:03:10
LTC/USD,171.64,171.74,11-06-21 05:03:00
LTC/USD,171.64,171.74,11-06-21 05:02:50
LTC/USD,171.61,171.74,11-06-21 05:02:40
LTC/USD,171.53,171.67,11-06-21 05:02:30
LTC/USD,171.5,171.55,11-06-21 05:02:20
LTC/USD,171.48,171.65,11-06-21 05:02:10
LTC/USD,171.61,171.75,11-06-21 05:02:00
LTC/USD,171.57,171.71,11-06-21 05:01:50
LTC/USD,171.4,171.53,11-06-21 05:01:40
LTC/USD,171.38,171.49,11-06-21 05:01:30
LTC/USD,171.23,171.36,11-06-21 05:01:20
LTC/USD,171.17,171.26,11-06-21 05:01:10
LTC/USD,171.16,171.27,11-06-21 05:01:00
LTC/USD,171.2,171.31,11-06-21 05:00:50
LTC/USD,171.31,171.38,11-06-21 05:00:40
LTC/USD,171.26,171.37,11-06-21 05:00:30
LTC/USD,171.28,171.41,11-06-21 05:00:20
LTC/USD,171.29,171.41,11-06-21 05:00:10
LTC/USD,171.23,171.34,11-06-21 05:00:00
LTC/USD,171.29,171.4,11-06-21 04:59:50
LTC/USD,171.24,171.36,11-06-21 04:59:40
LTC/USD,171.18,171.34,11-06-21 04:59:30
LTC/USD,171.08,171.17,11-06-21 04:59:20
LTC/USD,171.08,171.2,11-06-21 04:59:10
LTC/USD,171.08,171.2,11-06-21 04:59:00
LTC/USD,171.18,171.27,11-06-21 04:58:50
LTC/USD,171.23,171.35,11-06-21 04:58:40
LTC/USD,171.16,171.29,11-06-21 04:58:30
LTC/USD,171.28,171.4,11-06-21 04:58:20
LTC/USD,171.32,171.42,11-06-21 04:58:10
LTC/USD,171.33,171.45,11-06-21 04:58:00
LTC/USD,171.37,171.48,11-06-21 04:57:50
LTC/USD,171.31,171.42,11-06-21 04:57:40
LTC/USD,171.31,171.42,11-06-21 04:57:30
LTC/USD,171.33,171.45,11-06-21 04:57:20
LTC/USD,171.38,171.46,11-06-21 04:57:10
LTC/USD,171.47,171.54,11-06-21 04:57:00
LTC/USD,171.46,171.55,11-06-21 04:56:50
LTC/USD,171.49,171.62,11-06-21 04:56:40
LTC/USD,171.51,171.65,11-06-21 04:56:30
LTC/USD,171.56,171.69,11-06-21 04:56:20
LTC/USD,171.62,171.74,11-06-21 04:56:10
LTC/USD,171.53,171.61,11-06-21 04:56:00
LTC/USD,171.53,171.62,11-06-21 04:55:50
LTC/USD,171.52,171.64,11-06-21 04:55:40
LTC/USD,171.51,171.63,11-06-21 04:55:30
LTC/USD,171.55,171.69,11-06-21 04:55:20
LTC/USD,171.67,171.76,11-06-21 04:55:10
LTC/USD,171.68,171.73,11-06-21 04:55:00
LTC/USD,171.61,171.73,11-06-21 04:54:50
LTC/USD,171.61,171.72,11-06-21 04:54:40
LTC/USD,171.6,171.76,11-06-21 04:54:30
LTC/USD,171.73,171.85,11-06-21 04:54:20
LTC/USD,171.82,171.94,11-06-21 04:54:10
LTC/USD,171.91,172.07,11-06-21 04:54:00
LTC/USD,171.74,171.87,11-06-21 04:53:50
LTC/USD,171.81,171.93,11-06-21 04:53:40
LTC/USD,171.95,172.1,11-06-21 04:53:30
LTC/USD,171.59,171.74,11-06-21 04:53:20
LTC/USD,171.51,171.65,11-06-21 04:53:10
LTC/USD,171.45,171.57,11-06-21 04:53:00
LTC/USD,171.43,171.54,11-06-21 04:52:50
LTC/USD,171.38,171.48,11-06-21 04:52:40
LTC/USD,171.43,171.57,11-06-21 04:52:30
LTC/USD,171.45,171.56,11-06-21 04:52:20
LTC/USD,171.49,171.61,11-06-21 04:52:10
LTC/USD,171.52,171.63,11-06-21 04:52:00
LTC/USD,171.53,171.69,11-06-21 04:51:50
LTC/USD,171.6,171.71,11-06-21 04:51:40
LTC/USD,171.59,171.72,11-06-21 04:51:30
LTC/USD,171.67,171.8,11-06-21 04:51:20
LTC/USD,171.62,171.76,11-06-21 04:51:10
LTC/USD,171.68,171.83,11-06-21 04:51:00
LTC/USD,171.67,171.8,11-06-21 04:50:50
LTC/USD,171.53,171.62,11-06-21 04:50:40
LTC/USD,171.39,171.52,11-06-21 04:50:30
LTC/USD,171.38,171.48,11-06-21 04:50:20
LTC/USD,171.31,171.4,11-06-21 04:50:10
LTC/USD,171.26,171.38,11-06-21 04:50:00
LTC/USD,171.29,171.38,11-06-21 04:49:50
LTC/USD,171.3,171.41,11-06-21 04:49:40
LTC/USD,171.29,171.37,11-06-21 04:49:30
LTC/USD,171.34,171.43,11-06-21 04:49:20
LTC/USD,171.34,171.43,11-06-21 04:49:10
LTC/USD,171.5,171.58,11-06-21 04:49:00
LTC/USD,171.49,171.58,11-06-21 04:48:50
LTC/USD,171.47,171.58,11-06-21 04:48:40
LTC/USD,171.48,171.58,11-06-21 04:48:30
LTC/USD,171.48,171.58,11-06-21 04:48:20
LTC/USD,171.35,171.43,11-06-21 04:48:10
LTC/USD,171.34,171.43,11-06-21 04:48:00
LTC/USD,171.34,171.44,11-06-21 04:47:50
LTC/USD,171.34,171.45,11-06-21 04:47:40
LTC/USD,171.34,171.45,11-06-21 04:47:30
LTC/USD,171.31,171.41,11-06-21 04:47:20
LTC/USD,171.36,171.46,11-06-21 04:47:10
LTC/USD,171.37,171.51,11-06-21 04:47:00
LTC/USD,171.5,171.51,11-06-21 04:46:50
LTC/USD,171.5,171.57,11-06-21 04:46:40
LTC/USD,171.5,171.57,11-06-21 04:46:30
LTC/USD,171.5,171.58,11-06-21 04:46:20
LTC/USD,171.5,171.58,11-06-21 04:46:10
LTC/USD,171.5,171.51,11-06-21 04:46:00
LTC/USD,171.5,171.51,11-06-21 04:45:50
LTC/USD,171.5,171.53,11-06-21 04:45:40
LTC/USD,171.5,171.53,11-06-21 04:45:30
LTC/USD,171.5,171.53,11-06-21 04:45:20
LTC/USD,171.5,171.63,11-06-21 04:45:10
LTC/USD,171.5,171.67,11-06-21 04:45:00
LTC/USD,171.63,171.77,11-06-21 04:44:50
LTC/USD,171.73,171.85,11-06-21 04:44:40
LTC/USD,171.73,171.88,11-06-21 04:44:30
LTC/USD,171.7,171.82,11-06-21 04:44:20
LTC/USD,171.73,171.85,11-06-21 04:44:10
LTC/USD,171.63,171.74,11-06-21 04:44:00
LTC/USD,171.53,171.65,11-06-21 04:43:50
LTC/USD,171.5,171.64,11-06-21 04:43:40
LTC/USD,171.5,171.64,11-06-21 04:43:30
LTC/USD,171.61,171.8,11-06-21 04:43:20
LTC/USD,171.94,172.12,11-06-21 04:43:10
LTC/USD,171.88,172.11,11-06-21 04:43:00
