PAIR,BID,ASK,TIME
DOT/USD,22.666,22.685,11-06-21 11:09:41
DOT/USD,22.652,22.68,11-06-21 11:09:31
DOT/USD,22.653,22.668,11-06-21 11:09:21
DOT/USD,22.655,22.671,11-06-21 11:09:11
DOT/USD,22.652,22.67,11-06-21 11:09:01
DOT/USD,22.653,22.67,11-06-21 11:08:51
DOT/USD,22.655,22.678,11-06-21 11:08:41
DOT/USD,22.644,22.67,11-06-21 11:08:31
DOT/USD,22.649,22.669,11-06-21 11:08:21
DOT/USD,22.659,22.687,11-06-21 11:08:11
DOT/USD,22.672,22.7,11-06-21 11:08:01
DOT/USD,22.681,22.702,11-06-21 11:07:51
DOT/USD,22.69,22.717,11-06-21 11:07:41
DOT/USD,22.69,22.717,11-06-21 11:07:31
DOT/USD,22.692,22.718,11-06-21 11:07:21
DOT/USD,22.685,22.706,11-06-21 11:07:11
DOT/USD,22.7,22.721,11-06-21 11:07:01
DOT/USD,22.705,22.715,11-06-21 11:06:51
DOT/USD,22.703,22.714,11-06-21 11:06:40
DOT/USD,22.704,22.719,11-06-21 11:06:30
DOT/USD,22.697,22.712,11-06-21 11:06:20
DOT/USD,22.698,22.713,11-06-21 11:06:11
DOT/USD,22.718,22.733,11-06-21 11:06:01
DOT/USD,22.718,22.734,11-06-21 11:05:51
DOT/USD,22.718,22.737,11-06-21 11:05:41
DOT/USD,22.725,22.747,11-06-21 11:05:31
DOT/USD,22.718,22.727,11-06-21 11:05:21
DOT/USD,22.716,22.727,11-06-21 11:05:11
DOT/USD,22.716,22.726,11-06-21 11:05:01
DOT/USD,22.716,22.725,11-06-21 11:04:51
DOT/USD,22.716,22.725,11-06-21 11:04:41
DOT/USD,22.716,22.725,11-06-21 11:04:31
DOT/USD,22.716,22.732,11-06-21 11:04:21
DOT/USD,22.729,22.734,11-06-21 11:04:11
DOT/USD,22.729,22.741,11-06-21 11:04:01
DOT/USD,22.729,22.737,11-06-21 11:03:51
DOT/USD,22.729,22.747,11-06-21 11:03:41
DOT/USD,22.729,22.745,11-06-21 11:03:31
DOT/USD,22.729,22.738,11-06-21 11:03:21
DOT/USD,22.729,22.744,11-06-21 11:03:11
DOT/USD,22.729,22.743,11-06-21 11:03:01
DOT/USD,22.729,22.746,11-06-21 11:02:51
DOT/USD,22.729,22.748,11-06-21 11:02:40
DOT/USD,22.723,22.743,11-06-21 11:02:31
DOT/USD,22.723,22.747,11-06-21 11:02:21
DOT/USD,22.739,22.747,11-06-21 11:02:11
DOT/USD,22.739,22.755,11-06-21 11:02:01
DOT/USD,22.738,22.758,11-06-21 11:01:51
DOT/USD,22.733,22.758,11-06-21 11:01:41
DOT/USD,22.733,22.756,11-06-21 11:01:31
DOT/USD,22.735,22.752,11-06-21 11:01:21
DOT/USD,22.753,22.775,11-06-21 11:01:11
DOT/USD,22.773,22.783,11-06-21 11:01:01
DOT/USD,22.77,22.791,11-06-21 11:00:51
DOT/USD,22.77,22.793,11-06-21 11:00:41
DOT/USD,22.767,22.784,11-06-21 11:00:31
DOT/USD,22.764,22.784,11-06-21 11:00:21
DOT/USD,22.762,22.784,11-06-21 11:00:11
DOT/USD,22.722,22.746,11-06-21 11:00:01
DOT/USD,22.72,22.739,11-06-21 10:59:51
DOT/USD,22.72,22.739,11-06-21 10:59:41
DOT/USD,22.736,22.749,11-06-21 10:59:31
DOT/USD,22.732,22.749,11-06-21 10:59:21
DOT/USD,22.717,22.739,11-06-21 10:59:11
DOT/USD,22.717,22.738,11-06-21 10:59:01
DOT/USD,22.724,22.746,11-06-21 10:58:51
DOT/USD,22.73,22.749,11-06-21 10:58:41
DOT/USD,22.718,22.737,11-06-21 10:58:31
DOT/USD,22.715,22.737,11-06-21 10:58:21
DOT/USD,22.713,22.736,11-06-21 10:58:11
DOT/USD,22.707,22.721,11-06-21 10:58:01
DOT/USD,22.715,22.741,11-06-21 10:57:51
DOT/USD,22.713,22.74,11-06-21 10:57:41
DOT/USD,22.713,22.734,11-06-21 10:57:31
DOT/USD,22.707,22.729,11-06-21 10:57:21
DOT/USD,22.699,22.716,11-06-21 10:57:11
DOT/USD,22.701,22.719,11-06-21 10:57:01
DOT/USD,22.705,22.72,11-06-21 10:56:51
DOT/USD,22.702,22.715,11-06-21 10:56:41
DOT/USD,22.701,22.727,11-06-21 10:56:31
DOT/USD,22.698,22.718,11-06-21 10:56:21
DOT/USD,22.717,22.737,11-06-21 10:56:11
DOT/USD,22.713,22.729,11-06-21 10:56:01
DOT/USD,22.731,22.744,11-06-21 10:55:51
DOT/USD,22.729,22.746,11-06-21 10:55:41
DOT/USD,22.729,22.747,11-06-21 10:55:31
DOT/USD,22.729,22.746,11-06-21 10:55:21
DOT/USD,22.734,22.749,11-06-21 10:55:11
DOT/USD,22.729,22.746,11-06-21 10:55:01
DOT/USD,22.729,22.749,11-06-21 10:54:51
DOT/USD,22.732,22.751,11-06-21 10:54:41
DOT/USD,22.729,22.752,11-06-21 10:54:31
DOT/USD,22.729,22.752,11-06-21 10:54:21
DOT/USD,22.729,22.752,11-06-21 10:54:11
DOT/USD,22.718,22.732,11-06-21 10:54:01
DOT/USD,22.722,22.737,11-06-21 10:53:51
DOT/USD,22.717,22.736,11-06-21 10:53:41
DOT/USD,22.724,22.744,11-06-21 10:53:31
DOT/USD,22.716,22.728,11-06-21 10:53:21
DOT/USD,22.719,22.739,11-06-21 10:53:11
DOT/USD,22.727,22.751,11-06-21 10:53:01
DOT/USD,22.727,22.751,11-06-21 10:52:51
DOT/USD,22.724,22.749,11-06-21 10:52:41
DOT/USD,22.724,22.745,11-06-21 10:52:30
DOT/USD,22.724,22.742,11-06-21 10:52:21
DOT/USD,22.716,22.743,11-06-21 10:52:11
DOT/USD,22.723,22.746,11-06-21 10:52:01
DOT/USD,22.722,22.739,11-06-21 10:51:51
DOT/USD,22.731,22.755,11-06-21 10:51:41
DOT/USD,22.726,22.755,11-06-21 10:51:31
DOT/USD,22.727,22.76,11-06-21 10:51:21
DOT/USD,22.727,22.752,11-06-21 10:51:11
DOT/USD,22.712,22.736,11-06-21 10:51:01
DOT/USD,22.71,22.73,11-06-21 10:50:51
DOT/USD,22.727,22.739,11-06-21 10:50:41
DOT/USD,22.724,22.748,11-06-21 10:50:31
DOT/USD,22.756,22.757,11-06-21 10:50:21
DOT/USD,22.756,22.765,11-06-21 10:50:11
DOT/USD,22.757,22.773,11-06-21 10:50:01
DOT/USD,22.756,22.769,11-06-21 10:49:51
DOT/USD,22.755,22.77,11-06-21 10:49:41
DOT/USD,22.752,22.764,11-06-21 10:49:31
DOT/USD,22.749,22.765,11-06-21 10:49:21
DOT/USD,22.742,22.767,11-06-21 10:49:11
DOT/USD,22.736,22.751,11-06-21 10:49:01
DOT/USD,22.774,22.788,11-06-21 10:48:51
DOT/USD,22.778,22.791,11-06-21 10:48:40
DOT/USD,22.791,22.807,11-06-21 10:48:31
DOT/USD,22.792,22.807,11-06-21 10:48:21
DOT/USD,22.778,22.803,11-06-21 10:48:11
DOT/USD,22.781,22.798,11-06-21 10:48:01
DOT/USD,22.779,22.803,11-06-21 10:47:51
DOT/USD,22.78,22.803,11-06-21 10:47:41
DOT/USD,22.781,22.802,11-06-21 10:47:31
DOT/USD,22.799,22.815,11-06-21 10:47:21
DOT/USD,22.798,22.812,11-06-21 10:47:11
DOT/USD,22.791,22.812,11-06-21 10:47:01
DOT/USD,22.791,22.809,11-06-21 10:46:51
DOT/USD,22.791,22.808,11-06-21 10:46:41
DOT/USD,22.808,22.825,11-06-21 10:46:31
DOT/USD,22.797,22.809,11-06-21 10:46:21
DOT/USD,22.797,22.823,11-06-21 10:46:11
DOT/USD,22.804,22.83,11-06-21 10:46:01
DOT/USD,22.827,22.853,11-06-21 10:45:51
DOT/USD,22.848,22.873,11-06-21 10:45:41
DOT/USD,22.848,22.86,11-06-21 10:45:31
DOT/USD,22.848,22.873,11-06-21 10:45:21
DOT/USD,22.867,22.9,11-06-21 10:45:11
DOT/USD,22.857,22.886,11-06-21 10:45:01
DOT/USD,22.836,22.866,11-06-21 10:44:51
DOT/USD,22.835,22.857,11-06-21 10:44:41
DOT/USD,22.829,22.853,11-06-21 10:44:31
DOT/USD,22.826,22.847,11-06-21 10:44:21
DOT/USD,22.833,22.864,11-06-21 10:44:11
DOT/USD,22.823,22.853,11-06-21 10:44:01
DOT/USD,22.822,22.845,11-06-21 10:43:51
DOT/USD,22.838,22.874,11-06-21 10:43:41
DOT/USD,22.846,22.868,11-06-21 10:43:31
DOT/USD,22.836,22.859,11-06-21 10:43:21
DOT/USD,22.836,22.861,11-06-21 10:43:11
DOT/USD,22.835,22.864,11-06-21 10:43:01
DOT/USD,22.86,22.876,11-06-21 10:42:51
DOT/USD,22.862,22.886,11-06-21 10:42:41
DOT/USD,22.864,22.886,11-06-21 10:42:31
DOT/USD,22.881,22.899,11-06-21 10:42:21
DOT/USD,22.886,22.906,11-06-21 10:42:11
DOT/USD,22.892,22.91,11-06-21 10:42:01
DOT/USD,22.892,22.915,11-06-21 10:41:51
DOT/USD,22.888,22.911,11-06-21 10:41:41
DOT/USD,22.893,22.909,11-06-21 10:41:31
DOT/USD,22.88,22.903,11-06-21 10:41:21
DOT/USD,22.901,22.925,11-06-21 10:41:11
DOT/USD,22.883,22.912,11-06-21 10:41:01
DOT/USD,22.883,22.908,11-06-21 10:40:50
DOT/USD,22.881,22.903,11-06-21 10:40:41
DOT/USD,22.87,22.897,11-06-21 10:40:30
DOT/USD,22.87,22.891,11-06-21 10:40:21
DOT/USD,22.854,22.882,11-06-21 10:40:11
DOT/USD,22.876,22.901,11-06-21 10:40:01
DOT/USD,22.882,22.902,11-06-21 10:39:51
DOT/USD,22.885,22.91,11-06-21 10:39:41
DOT/USD,22.886,22.903,11-06-21 10:39:31
DOT/USD,22.878,22.894,11-06-21 10:39:21
DOT/USD,22.847,22.873,11-06-21 10:39:11
DOT/USD,22.835,22.853,11-06-21 10:39:01
DOT/USD,22.81,22.831,11-06-21 10:38:51
DOT/USD,22.81,22.834,11-06-21 10:38:41
DOT/USD,22.811,22.831,11-06-21 10:38:31
DOT/USD,22.811,22.83,11-06-21 10:38:21
DOT/USD,22.811,22.83,11-06-21 10:38:11
DOT/USD,22.815,22.829,11-06-21 10:38:01
DOT/USD,22.822,22.834,11-06-21 10:37:51
DOT/USD,22.807,22.831,11-06-21 10:37:41
DOT/USD,22.781,22.805,11-06-21 10:37:31
DOT/USD,22.794,22.816,11-06-21 10:37:21
DOT/USD,22.767,22.79,11-06-21 10:37:11
DOT/USD,22.766,22.795,11-06-21 10:37:01
DOT/USD,22.786,22.806,11-06-21 10:36:51
DOT/USD,22.782,22.811,11-06-21 10:36:41
DOT/USD,22.789,22.813,11-06-21 10:36:31
DOT/USD,22.804,22.813,11-06-21 10:36:21
DOT/USD,22.804,22.827,11-06-21 10:36:11
DOT/USD,22.804,22.827,11-06-21 10:36:01
DOT/USD,22.804,22.829,11-06-21 10:35:51
DOT/USD,22.803,22.826,11-06-21 10:35:41
DOT/USD,22.79,22.816,11-06-21 10:35:31
DOT/USD,22.767,22.793,11-06-21 10:35:21
DOT/USD,22.767,22.789,11-06-21 10:35:11
DOT/USD,22.772,22.793,11-06-21 10:35:01
DOT/USD,22.728,22.758,11-06-21 10:34:51
DOT/USD,22.702,22.72,11-06-21 10:34:41
DOT/USD,22.696,22.715,11-06-21 10:34:30
DOT/USD,22.696,22.718,11-06-21 10:34:21
DOT/USD,22.696,22.72,11-06-21 10:34:11
DOT/USD,22.696,22.716,11-06-21 10:34:01
DOT/USD,22.697,22.72,11-06-21 10:33:51
DOT/USD,22.696,22.727,11-06-21 10:33:41
DOT/USD,22.701,22.726,11-06-21 10:33:31
DOT/USD,22.691,22.729,11-06-21 10:33:21
DOT/USD,22.691,22.715,11-06-21 10:33:11
DOT/USD,22.734,22.764,11-06-21 10:33:01
DOT/USD,22.749,22.767,11-06-21 10:32:51
DOT/USD,22.749,22.781,11-06-21 10:32:41
DOT/USD,22.731,22.759,11-06-21 10:32:31
DOT/USD,22.7,22.721,11-06-21 10:32:21
DOT/USD,22.699,22.71,11-06-21 10:32:11
DOT/USD,22.699,22.701,11-06-21 10:32:01
DOT/USD,22.699,22.716,11-06-21 10:31:51
DOT/USD,22.678,22.711,11-06-21 10:31:41
DOT/USD,22.678,22.717,11-06-21 10:31:31
DOT/USD,22.658,22.682,11-06-21 10:31:21
DOT/USD,22.654,22.669,11-06-21 10:31:11
DOT/USD,22.649,22.673,11-06-21 10:31:01
DOT/USD,22.649,22.678,11-06-21 10:30:51
DOT/USD,22.647,22.683,11-06-21 10:30:41
DOT/USD,22.611,22.638,11-06-21 10:30:31
DOT/USD,22.726,22.745,11-06-21 10:30:21
DOT/USD,22.743,22.769,11-06-21 10:30:11
DOT/USD,22.733,22.76,11-06-21 10:30:01
DOT/USD,22.741,22.766,11-06-21 10:29:51
DOT/USD,22.755,22.782,11-06-21 10:29:41
DOT/USD,22.749,22.778,11-06-21 10:29:31
DOT/USD,22.767,22.791,11-06-21 10:29:21
DOT/USD,22.726,22.741,11-06-21 10:29:11
DOT/USD,22.712,22.733,11-06-21 10:29:01
DOT/USD,22.712,22.732,11-06-21 10:28:51
DOT/USD,22.72,22.742,11-06-21 10:28:41
DOT/USD,22.72,22.738,11-06-21 10:28:31
DOT/USD,22.725,22.74,11-06-21 10:28:21
DOT/USD,22.699,22.712,11-06-21 10:28:11
DOT/USD,22.702,22.715,11-06-21 10:28:01
DOT/USD,22.701,22.716,11-06-21 10:27:51
DOT/USD,22.701,22.717,11-06-21 10:27:41
DOT/USD,22.699,22.713,11-06-21 10:27:31
DOT/USD,22.71,22.72,11-06-21 10:27:21
DOT/USD,22.713,22.721,11-06-21 10:27:11
DOT/USD,22.706,22.72,11-06-21 10:27:01
DOT/USD,22.704,22.717,11-06-21 10:26:51
DOT/USD,22.711,22.724,11-06-21 10:26:41
DOT/USD,22.701,22.716,11-06-21 10:26:31
DOT/USD,22.711,22.725,11-06-21 10:26:21
DOT/USD,22.713,22.733,11-06-21 10:26:11
DOT/USD,22.707,22.724,11-06-21 10:26:01
DOT/USD,22.707,22.722,11-06-21 10:25:51
DOT/USD,22.71,22.727,11-06-21 10:25:41
DOT/USD,22.708,22.73,11-06-21 10:25:31
DOT/USD,22.705,22.725,11-06-21 10:25:21
DOT/USD,22.725,22.736,11-06-21 10:25:11
DOT/USD,22.709,22.729,11-06-21 10:25:00
DOT/USD,22.713,22.731,11-06-21 10:24:51
DOT/USD,22.713,22.733,11-06-21 10:24:41
DOT/USD,22.714,22.729,11-06-21 10:24:31
DOT/USD,22.705,22.727,11-06-21 10:24:21
DOT/USD,22.707,22.73,11-06-21 10:24:11
DOT/USD,22.718,22.738,11-06-21 10:24:01
DOT/USD,22.723,22.735,11-06-21 10:23:51
DOT/USD,22.697,22.719,11-06-21 10:23:41
DOT/USD,22.711,22.729,11-06-21 10:23:31
DOT/USD,22.716,22.737,11-06-21 10:23:21
DOT/USD,22.73,22.754,11-06-21 10:23:11
DOT/USD,22.722,22.744,11-06-21 10:23:01
DOT/USD,22.725,22.748,11-06-21 10:22:51
DOT/USD,22.736,22.762,11-06-21 10:22:41
DOT/USD,22.744,22.762,11-06-21 10:22:31
DOT/USD,22.737,22.761,11-06-21 10:22:21
DOT/USD,22.726,22.753,11-06-21 10:22:11
DOT/USD,22.749,22.775,11-06-21 10:22:01
DOT/USD,22.759,22.784,11-06-21 10:21:51
DOT/USD,22.756,22.779,11-06-21 10:21:41
DOT/USD,22.745,22.747,11-06-21 10:21:31
DOT/USD,22.739,22.743,11-06-21 10:21:21
DOT/USD,22.734,22.746,11-06-21 10:21:11
DOT/USD,22.727,22.745,11-06-21 10:21:01
DOT/USD,22.709,22.732,11-06-21 10:20:51
DOT/USD,22.701,22.723,11-06-21 10:20:41
DOT/USD,22.676,22.687,11-06-21 10:20:31
DOT/USD,22.666,22.685,11-06-21 10:20:21
DOT/USD,22.67,22.682,11-06-21 10:20:11
DOT/USD,22.682,22.698,11-06-21 10:20:01
DOT/USD,22.69,22.704,11-06-21 10:19:51
DOT/USD,22.673,22.691,11-06-21 10:19:41
DOT/USD,22.675,22.678,11-06-21 10:19:31
DOT/USD,22.666,22.673,11-06-21 10:19:21
DOT/USD,22.655,22.665,11-06-21 10:19:11
DOT/USD,22.662,22.671,11-06-21 10:19:01
DOT/USD,22.647,22.657,11-06-21 10:18:51
DOT/USD,22.647,22.666,11-06-21 10:18:41
DOT/USD,22.656,22.671,11-06-21 10:18:31
DOT/USD,22.646,22.658,11-06-21 10:18:21
DOT/USD,22.618,22.636,11-06-21 10:18:11
DOT/USD,22.612,22.64,11-06-21 10:18:01
DOT/USD,22.629,22.649,11-06-21 10:17:51
DOT/USD,22.611,22.627,11-06-21 10:17:41
DOT/USD,22.6,22.621,11-06-21 10:17:30
DOT/USD,22.592,22.615,11-06-21 10:17:21
DOT/USD,22.606,22.626,11-06-21 10:17:11
DOT/USD,22.6,22.626,11-06-21 10:17:01
DOT/USD,22.6,22.622,11-06-21 10:16:51
DOT/USD,22.575,22.599,11-06-21 10:16:41
DOT/USD,22.619,22.64,11-06-21 10:16:31
DOT/USD,22.603,22.624,11-06-21 10:16:21
DOT/USD,22.612,22.635,11-06-21 10:16:11
DOT/USD,22.619,22.641,11-06-21 10:16:01
DOT/USD,22.619,22.647,11-06-21 10:15:51
DOT/USD,22.618,22.647,11-06-21 10:15:41
DOT/USD,22.627,22.651,11-06-21 10:15:31
DOT/USD,22.65,22.68,11-06-21 10:15:21
DOT/USD,22.639,22.655,11-06-21 10:15:11
DOT/USD,22.619,22.637,11-06-21 10:15:01
DOT/USD,22.619,22.636,11-06-21 10:14:51
DOT/USD,22.621,22.637,11-06-21 10:14:41
DOT/USD,22.623,22.644,11-06-21 10:14:31
DOT/USD,22.615,22.637,11-06-21 10:14:21
DOT/USD,22.613,22.64,11-06-21 10:14:11
DOT/USD,22.621,22.636,11-06-21 10:14:01
DOT/USD,22.631,22.653,11-06-21 10:13:51
DOT/USD,22.641,22.663,11-06-21 10:13:41
DOT/USD,22.641,22.667,11-06-21 10:13:31
DOT/USD,22.631,22.651,11-06-21 10:13:21
DOT/USD,22.624,22.652,11-06-21 10:13:11
DOT/USD,22.624,22.652,11-06-21 10:13:01
DOT/USD,22.617,22.638,11-06-21 10:12:51
DOT/USD,22.645,22.664,11-06-21 10:12:41
DOT/USD,22.645,22.668,11-06-21 10:12:31
DOT/USD,22.653,22.676,11-06-21 10:12:21
DOT/USD,22.654,22.68,11-06-21 10:12:11
DOT/USD,22.668,22.69,11-06-21 10:12:01
DOT/USD,22.677,22.695,11-06-21 10:11:51
DOT/USD,22.669,22.689,11-06-21 10:11:41
DOT/USD,22.658,22.683,11-06-21 10:11:30
DOT/USD,22.663,22.685,11-06-21 10:11:20
DOT/USD,22.667,22.687,11-06-21 10:11:11
DOT/USD,22.695,22.707,11-06-21 10:11:01
DOT/USD,22.686,22.693,11-06-21 10:10:51
DOT/USD,22.664,22.67,11-06-21 10:10:41
DOT/USD,22.654,22.664,11-06-21 10:10:31
DOT/USD,22.654,22.664,11-06-21 10:10:21
DOT/USD,22.654,22.667,11-06-21 10:10:11
DOT/USD,22.641,22.677,11-06-21 10:10:01
DOT/USD,22.641,22.671,11-06-21 10:09:51
DOT/USD,22.627,22.652,11-06-21 10:09:41
DOT/USD,22.617,22.65,11-06-21 10:09:31
DOT/USD,22.722,22.735,11-06-21 10:09:21
DOT/USD,22.722,22.731,11-06-21 10:09:11
DOT/USD,22.722,22.731,11-06-21 10:09:01
DOT/USD,22.722,22.74,11-06-21 10:08:51
DOT/USD,22.722,22.74,11-06-21 10:08:41
DOT/USD,22.722,22.745,11-06-21 10:08:31
DOT/USD,22.721,22.742,11-06-21 10:08:21
DOT/USD,22.721,22.722,11-06-21 10:08:11
DOT/USD,22.716,22.722,11-06-21 10:08:01
DOT/USD,22.716,22.722,11-06-21 10:07:51
DOT/USD,22.714,22.722,11-06-21 10:07:41
DOT/USD,22.705,22.723,11-06-21 10:07:31
DOT/USD,22.743,22.747,11-06-21 10:07:21
DOT/USD,22.743,22.752,11-06-21 10:07:11
DOT/USD,22.743,22.774,11-06-21 10:07:01
DOT/USD,22.743,22.771,11-06-21 10:06:51
DOT/USD,22.74,22.764,11-06-21 10:06:41
DOT/USD,22.737,22.764,11-06-21 10:06:31
DOT/USD,22.756,22.782,11-06-21 10:06:21
DOT/USD,22.765,22.796,11-06-21 10:06:11
DOT/USD,22.742,22.77,11-06-21 10:06:01
DOT/USD,22.723,22.755,11-06-21 10:05:51
DOT/USD,22.723,22.758,11-06-21 10:05:41
DOT/USD,22.779,22.794,11-06-21 10:05:31
DOT/USD,22.812,22.828,11-06-21 10:05:21
DOT/USD,22.793,22.819,11-06-21 10:05:11
DOT/USD,22.776,22.808,11-06-21 10:05:01
DOT/USD,22.776,22.805,11-06-21 10:04:51
DOT/USD,22.78,22.828,11-06-21 10:04:41
DOT/USD,22.718,22.746,11-06-21 10:04:31
DOT/USD,22.66,22.685,11-06-21 10:04:21
DOT/USD,22.64,22.664,11-06-21 10:04:11
DOT/USD,22.625,22.647,11-06-21 10:04:01
DOT/USD,22.641,22.657,11-06-21 10:03:51
DOT/USD,22.649,22.67,11-06-21 10:03:41
DOT/USD,22.648,22.675,11-06-21 10:03:31
DOT/USD,22.652,22.681,11-06-21 10:03:21
DOT/USD,22.658,22.686,11-06-21 10:03:11
DOT/USD,22.686,22.713,11-06-21 10:03:01
DOT/USD,22.694,22.711,11-06-21 10:02:51
DOT/USD,22.671,22.692,11-06-21 10:02:41
DOT/USD,22.645,22.669,11-06-21 10:02:31
DOT/USD,22.652,22.676,11-06-21 10:02:21
DOT/USD,22.669,22.681,11-06-21 10:02:11
DOT/USD,22.677,22.68,11-06-21 10:02:01
DOT/USD,22.654,22.67,11-06-21 10:01:51
DOT/USD,22.66,22.673,11-06-21 10:01:41
DOT/USD,22.646,22.656,11-06-21 10:01:31
DOT/USD,22.637,22.648,11-06-21 10:01:21
DOT/USD,22.611,22.631,11-06-21 10:01:11
DOT/USD,22.602,22.622,11-06-21 10:01:01
DOT/USD,22.602,22.62,11-06-21 10:00:51
DOT/USD,22.601,22.608,11-06-21 10:00:41
DOT/USD,22.594,22.608,11-06-21 10:00:31
DOT/USD,22.587,22.608,11-06-21 10:00:21
DOT/USD,22.58,22.602,11-06-21 10:00:11
DOT/USD,22.574,22.593,11-06-21 10:00:01
DOT/USD,22.573,22.591,11-06-21 9:59:51
DOT/USD,22.573,22.598,11-06-21 9:59:41
DOT/USD,22.58,22.601,11-06-21 9:59:31
DOT/USD,22.59,22.612,11-06-21 9:59:21
DOT/USD,22.588,22.612,11-06-21 9:59:11
DOT/USD,22.581,22.601,11-06-21 9:59:01
DOT/USD,22.581,22.597,11-06-21 9:58:51
DOT/USD,22.573,22.584,11-06-21 9:58:41
DOT/USD,22.574,22.593,11-06-21 9:58:31
DOT/USD,22.574,22.593,11-06-21 9:58:21
DOT/USD,22.574,22.593,11-06-21 9:58:11
DOT/USD,22.585,22.606,11-06-21 9:58:01
DOT/USD,22.589,22.603,11-06-21 9:57:51
DOT/USD,22.602,22.623,11-06-21 9:57:41
DOT/USD,22.612,22.633,11-06-21 9:57:31
DOT/USD,22.589,22.608,11-06-21 9:57:21
DOT/USD,22.57,22.585,11-06-21 9:57:11
DOT/USD,22.566,22.579,11-06-21 9:57:01
DOT/USD,22.564,22.579,11-06-21 9:56:51
DOT/USD,22.564,22.579,11-06-21 9:56:41
DOT/USD,22.561,22.574,11-06-21 9:56:31
DOT/USD,22.57,22.59,11-06-21 9:56:21
DOT/USD,22.575,22.594,11-06-21 9:56:11
DOT/USD,22.586,22.597,11-06-21 9:56:01
DOT/USD,22.589,22.6,11-06-21 9:55:51
DOT/USD,22.587,22.603,11-06-21 9:55:41
DOT/USD,22.583,22.601,11-06-21 9:55:31
DOT/USD,22.578,22.592,11-06-21 9:55:21
DOT/USD,22.576,22.59,11-06-21 9:55:11
DOT/USD,22.573,22.587,11-06-21 9:55:01
DOT/USD,22.573,22.587,11-06-21 9:54:51
DOT/USD,22.573,22.59,11-06-21 9:54:41
DOT/USD,22.575,22.589,11-06-21 9:54:31
DOT/USD,22.573,22.588,11-06-21 9:54:21
DOT/USD,22.571,22.589,11-06-21 9:54:11
DOT/USD,22.571,22.593,11-06-21 9:54:01
DOT/USD,22.574,22.593,11-06-21 9:53:51
DOT/USD,22.561,22.578,11-06-21 9:53:41
DOT/USD,22.559,22.574,11-06-21 9:53:31
DOT/USD,22.567,22.585,11-06-21 9:53:21
DOT/USD,22.561,22.58,11-06-21 9:53:11
DOT/USD,22.564,22.576,11-06-21 9:53:01
DOT/USD,22.574,22.59,11-06-21 9:52:51
DOT/USD,22.569,22.585,11-06-21 9:52:41
DOT/USD,22.58,22.599,11-06-21 9:52:31
DOT/USD,22.571,22.59,11-06-21 9:52:21
DOT/USD,22.573,22.597,11-06-21 9:52:11
DOT/USD,22.579,22.597,11-06-21 9:52:01
DOT/USD,22.579,22.597,11-06-21 9:51:51
DOT/USD,22.586,22.607,11-06-21 9:51:41
DOT/USD,22.586,22.607,11-06-21 9:51:31
DOT/USD,22.586,22.607,11-06-21 9:51:21
DOT/USD,22.587,22.609,11-06-21 9:51:11
DOT/USD,22.593,22.616,11-06-21 9:51:01
DOT/USD,22.598,22.621,11-06-21 9:50:51
DOT/USD,22.602,22.621,11-06-21 9:50:41
DOT/USD,22.613,22.64,11-06-21 9:50:31
DOT/USD,22.607,22.63,11-06-21 9:50:21
DOT/USD,22.612,22.636,11-06-21 9:50:11
DOT/USD,22.608,22.63,11-06-21 9:50:01
DOT/USD,22.608,22.624,11-06-21 9:49:51
DOT/USD,22.615,22.638,11-06-21 9:49:41
DOT/USD,22.612,22.636,11-06-21 9:49:31
DOT/USD,22.609,22.624,11-06-21 9:49:21
DOT/USD,22.619,22.642,11-06-21 9:49:11
DOT/USD,22.615,22.627,11-06-21 9:49:01
DOT/USD,22.617,22.627,11-06-21 9:48:51
DOT/USD,22.612,22.633,11-06-21 9:48:41
DOT/USD,22.612,22.633,11-06-21 9:48:31
DOT/USD,22.617,22.633,11-06-21 9:48:21
DOT/USD,22.63,22.647,11-06-21 9:48:11
DOT/USD,22.642,22.66,11-06-21 9:48:01
DOT/USD,22.64,22.657,11-06-21 9:47:51
DOT/USD,22.634,22.65,11-06-21 9:47:41
DOT/USD,22.634,22.653,11-06-21 9:47:31
DOT/USD,22.634,22.653,11-06-21 9:47:21
DOT/USD,22.63,22.652,11-06-21 9:47:11
DOT/USD,22.626,22.649,11-06-21 9:47:01
DOT/USD,22.635,22.651,11-06-21 9:46:51
DOT/USD,22.642,22.656,11-06-21 9:46:41
DOT/USD,22.645,22.665,11-06-21 9:46:31
DOT/USD,22.647,22.667,11-06-21 9:46:21
DOT/USD,22.651,22.671,11-06-21 9:46:11
DOT/USD,22.639,22.661,11-06-21 9:46:01
DOT/USD,22.641,22.661,11-06-21 9:45:51
DOT/USD,22.65,22.661,11-06-21 9:45:41
DOT/USD,22.654,22.668,11-06-21 9:45:31
DOT/USD,22.664,22.685,11-06-21 9:45:21
DOT/USD,22.676,22.7,11-06-21 9:45:11
DOT/USD,22.684,22.706,11-06-21 9:45:01
DOT/USD,22.672,22.696,11-06-21 9:44:51
DOT/USD,22.673,22.697,11-06-21 9:44:41
DOT/USD,22.691,22.709,11-06-21 9:44:31
DOT/USD,22.712,22.729,11-06-21 9:44:21
DOT/USD,22.713,22.728,11-06-21 9:44:11
DOT/USD,22.718,22.732,11-06-21 9:44:01
DOT/USD,22.718,22.738,11-06-21 9:43:51
DOT/USD,22.722,22.739,11-06-21 9:43:41
DOT/USD,22.722,22.744,11-06-21 9:43:31
DOT/USD,22.731,22.75,11-06-21 9:43:21
DOT/USD,22.715,22.738,11-06-21 9:43:11
DOT/USD,22.723,22.743,11-06-21 9:43:01
DOT/USD,22.731,22.747,11-06-21 9:42:51
DOT/USD,22.742,22.759,11-06-21 9:42:41
DOT/USD,22.72,22.741,11-06-21 9:42:31
DOT/USD,22.713,22.731,11-06-21 9:42:21
DOT/USD,22.725,22.738,11-06-21 9:42:11
DOT/USD,22.736,22.755,11-06-21 9:42:01
DOT/USD,22.736,22.755,11-06-21 9:41:51
DOT/USD,22.732,22.756,11-06-21 9:41:41
DOT/USD,22.734,22.752,11-06-21 9:41:31
DOT/USD,22.741,22.76,11-06-21 9:41:21
DOT/USD,22.744,22.764,11-06-21 9:41:11
DOT/USD,22.73,22.748,11-06-21 9:41:01
DOT/USD,22.728,22.748,11-06-21 9:40:51
DOT/USD,22.732,22.747,11-06-21 9:40:41
DOT/USD,22.73,22.746,11-06-21 9:40:31
DOT/USD,22.718,22.738,11-06-21 9:40:21
DOT/USD,22.713,22.737,11-06-21 9:40:11
DOT/USD,22.702,22.717,11-06-21 9:40:01
DOT/USD,22.702,22.717,11-06-21 9:39:51
DOT/USD,22.707,22.724,11-06-21 9:39:41
DOT/USD,22.701,22.718,11-06-21 9:39:31
DOT/USD,22.696,22.716,11-06-21 9:39:21
DOT/USD,22.694,22.713,11-06-21 9:39:11
DOT/USD,22.693,22.714,11-06-21 9:39:01
DOT/USD,22.703,22.721,11-06-21 9:38:51
DOT/USD,22.712,22.727,11-06-21 9:38:41
DOT/USD,22.708,22.724,11-06-21 9:38:31
DOT/USD,22.703,22.726,11-06-21 9:38:21
DOT/USD,22.703,22.724,11-06-21 9:38:11
DOT/USD,22.689,22.709,11-06-21 9:38:01
DOT/USD,22.689,22.711,11-06-21 9:37:51
DOT/USD,22.68,22.706,11-06-21 9:37:41
DOT/USD,22.689,22.715,11-06-21 9:37:31
DOT/USD,22.713,22.734,11-06-21 9:37:21
DOT/USD,22.693,22.715,11-06-21 9:37:11
DOT/USD,22.722,22.739,11-06-21 9:37:01
DOT/USD,22.735,22.749,11-06-21 9:36:51
DOT/USD,22.739,22.75,11-06-21 9:36:41
DOT/USD,22.738,22.754,11-06-21 9:36:31
DOT/USD,22.738,22.763,11-06-21 9:36:21
DOT/USD,22.739,22.758,11-06-21 9:36:11
DOT/USD,22.713,22.729,11-06-21 9:36:01
DOT/USD,22.711,22.729,11-06-21 9:35:51
DOT/USD,22.721,22.737,11-06-21 9:35:41
DOT/USD,22.729,22.748,11-06-21 9:35:31
DOT/USD,22.726,22.748,11-06-21 9:35:21
DOT/USD,22.737,22.753,11-06-21 9:35:11
DOT/USD,22.745,22.759,11-06-21 9:35:01
DOT/USD,22.747,22.761,11-06-21 9:34:51
DOT/USD,22.746,22.767,11-06-21 9:34:41
DOT/USD,22.749,22.774,11-06-21 9:34:31
DOT/USD,22.756,22.78,11-06-21 9:34:21
DOT/USD,22.736,22.755,11-06-21 9:34:11
DOT/USD,22.731,22.746,11-06-21 9:34:01
DOT/USD,22.748,22.766,11-06-21 9:33:51
DOT/USD,22.746,22.766,11-06-21 9:33:41
DOT/USD,22.767,22.784,11-06-21 9:33:31
DOT/USD,22.786,22.805,11-06-21 9:33:21
DOT/USD,22.785,22.807,11-06-21 9:33:11
DOT/USD,22.779,22.793,11-06-21 9:33:01
DOT/USD,22.776,22.789,11-06-21 9:32:51
DOT/USD,22.776,22.789,11-06-21 9:32:41
DOT/USD,22.776,22.802,11-06-21 9:32:31
DOT/USD,22.798,22.817,11-06-21 9:32:21
DOT/USD,22.798,22.817,11-06-21 9:32:11
DOT/USD,22.823,22.832,11-06-21 9:32:01
DOT/USD,22.823,22.842,11-06-21 9:31:51
DOT/USD,22.823,22.835,11-06-21 9:31:41
DOT/USD,22.823,22.84,11-06-21 9:31:31
DOT/USD,22.836,22.859,11-06-21 9:31:21
DOT/USD,22.851,22.862,11-06-21 9:31:11
DOT/USD,22.849,22.877,11-06-21 9:31:01
DOT/USD,22.847,22.873,11-06-21 9:30:51
DOT/USD,22.863,22.871,11-06-21 9:30:41
DOT/USD,22.886,22.898,11-06-21 9:30:31
DOT/USD,22.857,22.885,11-06-21 9:30:21
DOT/USD,22.845,22.871,11-06-21 9:30:11
DOT/USD,22.833,22.85,11-06-21 9:30:01
DOT/USD,22.815,22.836,11-06-21 9:29:51
DOT/USD,22.826,22.851,11-06-21 9:29:41
DOT/USD,22.816,22.837,11-06-21 9:29:31
DOT/USD,22.799,22.82,11-06-21 9:29:21
DOT/USD,22.799,22.819,11-06-21 9:29:11
DOT/USD,22.799,22.823,11-06-21 9:29:01
DOT/USD,22.791,22.82,11-06-21 9:28:51
DOT/USD,22.784,22.806,11-06-21 9:28:41
DOT/USD,22.77,22.79,11-06-21 9:28:31
DOT/USD,22.776,22.799,11-06-21 9:28:21
DOT/USD,22.789,22.804,11-06-21 9:28:11
DOT/USD,22.791,22.813,11-06-21 9:28:01
DOT/USD,22.791,22.812,11-06-21 9:27:51
DOT/USD,22.782,22.806,11-06-21 9:27:41
DOT/USD,22.774,22.796,11-06-21 9:27:31
DOT/USD,22.789,22.803,11-06-21 9:27:21
DOT/USD,22.77,22.787,11-06-21 9:27:11
DOT/USD,22.753,22.77,11-06-21 9:27:01
DOT/USD,22.742,22.758,11-06-21 9:26:51
DOT/USD,22.746,22.758,11-06-21 9:26:41
DOT/USD,22.742,22.761,11-06-21 9:26:31
DOT/USD,22.745,22.756,11-06-21 9:26:21
DOT/USD,22.736,22.759,11-06-21 9:26:11
DOT/USD,22.748,22.77,11-06-21 9:26:01
DOT/USD,22.733,22.762,11-06-21 9:25:51
DOT/USD,22.74,22.762,11-06-21 9:25:41
DOT/USD,22.714,22.733,11-06-21 9:25:31
DOT/USD,22.706,22.719,11-06-21 9:25:21
DOT/USD,22.689,22.703,11-06-21 9:25:11
DOT/USD,22.685,22.706,11-06-21 9:25:01
DOT/USD,22.682,22.705,11-06-21 9:24:51
DOT/USD,22.683,22.701,11-06-21 9:24:41
DOT/USD,22.676,22.7,11-06-21 9:24:31
DOT/USD,22.674,22.704,11-06-21 9:24:21
DOT/USD,22.694,22.713,11-06-21 9:24:11
DOT/USD,22.697,22.712,11-06-21 9:24:01
DOT/USD,22.703,22.716,11-06-21 9:23:51
DOT/USD,22.71,22.721,11-06-21 9:23:41
DOT/USD,22.705,22.727,11-06-21 9:23:31
DOT/USD,22.705,22.731,11-06-21 9:23:21
DOT/USD,22.705,22.739,11-06-21 9:23:11
DOT/USD,22.71,22.73,11-06-21 9:23:01
DOT/USD,22.667,22.684,11-06-21 9:22:51
DOT/USD,22.663,22.682,11-06-21 9:22:41
DOT/USD,22.651,22.674,11-06-21 9:22:31
DOT/USD,22.668,22.688,11-06-21 9:22:21
DOT/USD,22.679,22.697,11-06-21 9:22:11
DOT/USD,22.682,22.698,11-06-21 9:22:01
DOT/USD,22.682,22.698,11-06-21 9:21:51
DOT/USD,22.679,22.694,11-06-21 9:21:41
DOT/USD,22.678,22.695,11-06-21 9:21:31
DOT/USD,22.678,22.695,11-06-21 9:21:21
DOT/USD,22.682,22.701,11-06-21 9:21:11
DOT/USD,22.684,22.701,11-06-21 9:21:01
DOT/USD,22.715,22.717,11-06-21 9:20:51
DOT/USD,22.715,22.721,11-06-21 9:20:41
DOT/USD,22.715,22.726,11-06-21 9:20:31
DOT/USD,22.717,22.726,11-06-21 9:20:21
DOT/USD,22.717,22.735,11-06-21 9:20:11
DOT/USD,22.729,22.75,11-06-21 9:20:01
DOT/USD,22.727,22.751,11-06-21 9:19:51
DOT/USD,22.727,22.751,11-06-21 9:19:41
DOT/USD,22.722,22.746,11-06-21 9:19:31
DOT/USD,22.717,22.738,11-06-21 9:19:21
DOT/USD,22.739,22.769,11-06-21 9:19:10
DOT/USD,22.745,22.769,11-06-21 9:19:01
DOT/USD,22.72,22.731,11-06-21 9:18:51
DOT/USD,22.72,22.73,11-06-21 9:18:41
DOT/USD,22.723,22.734,11-06-21 9:18:31
DOT/USD,22.72,22.747,11-06-21 9:18:21
DOT/USD,22.717,22.74,11-06-21 9:18:11
DOT/USD,22.703,22.728,11-06-21 9:18:01
DOT/USD,22.708,22.729,11-06-21 9:17:51
DOT/USD,22.684,22.715,11-06-21 9:17:40
DOT/USD,22.687,22.709,11-06-21 9:17:31
DOT/USD,22.69,22.719,11-06-21 9:17:21
DOT/USD,22.68,22.712,11-06-21 9:17:11
DOT/USD,22.67,22.7,11-06-21 9:17:01
DOT/USD,22.731,22.757,11-06-21 9:16:51
DOT/USD,22.736,22.757,11-06-21 9:16:41
DOT/USD,22.739,22.757,11-06-21 9:16:31
DOT/USD,22.753,22.773,11-06-21 9:16:21
DOT/USD,22.753,22.779,11-06-21 9:16:11
DOT/USD,22.746,22.763,11-06-21 9:16:01
DOT/USD,22.754,22.78,11-06-21 9:15:51
DOT/USD,22.754,22.776,11-06-21 9:15:41
DOT/USD,22.776,22.794,11-06-21 9:15:31
DOT/USD,22.779,22.801,11-06-21 9:15:21
DOT/USD,22.782,22.811,11-06-21 9:15:11
DOT/USD,22.77,22.791,11-06-21 9:15:01
DOT/USD,22.73,22.75,11-06-21 9:14:51
DOT/USD,22.706,22.725,11-06-21 9:14:41
DOT/USD,22.702,22.721,11-06-21 9:14:31
DOT/USD,22.708,22.722,11-06-21 9:14:21
DOT/USD,22.714,22.735,11-06-21 9:14:11
DOT/USD,22.72,22.739,11-06-21 9:14:01
DOT/USD,22.711,22.733,11-06-21 9:13:51
DOT/USD,22.723,22.74,11-06-21 9:13:41
DOT/USD,22.717,22.731,11-06-21 9:13:31
DOT/USD,22.714,22.737,11-06-21 9:13:21
DOT/USD,22.724,22.742,11-06-21 9:13:11
DOT/USD,22.718,22.734,11-06-21 9:13:01
DOT/USD,22.712,22.733,11-06-21 9:12:51
DOT/USD,22.706,22.728,11-06-21 9:12:41
DOT/USD,22.695,22.713,11-06-21 9:12:31
DOT/USD,22.683,22.7,11-06-21 9:12:21
DOT/USD,22.724,22.725,11-06-21 9:12:11
DOT/USD,22.727,22.737,11-06-21 9:12:01
DOT/USD,22.73,22.751,11-06-21 9:11:51
DOT/USD,22.703,22.704,11-06-21 9:11:41
DOT/USD,22.691,22.704,11-06-21 9:11:31
DOT/USD,22.687,22.701,11-06-21 9:11:21
DOT/USD,22.683,22.702,11-06-21 9:11:11
DOT/USD,22.656,22.673,11-06-21 9:11:01
DOT/USD,22.654,22.673,11-06-21 9:10:51
DOT/USD,22.647,22.666,11-06-21 9:10:41
DOT/USD,22.644,22.657,11-06-21 9:10:31
DOT/USD,22.644,22.657,11-06-21 9:10:21
DOT/USD,22.644,22.661,11-06-21 9:10:11
DOT/USD,22.646,22.665,11-06-21 9:10:01
DOT/USD,22.643,22.663,11-06-21 9:09:51
DOT/USD,22.631,22.65,11-06-21 9:09:41
DOT/USD,22.63,22.639,11-06-21 9:09:31
DOT/USD,22.616,22.63,11-06-21 9:09:21
DOT/USD,22.613,22.626,11-06-21 9:09:11
DOT/USD,22.618,22.63,11-06-21 9:09:01
DOT/USD,22.617,22.634,11-06-21 9:08:51
DOT/USD,22.609,22.623,11-06-21 9:08:41
DOT/USD,22.602,22.615,11-06-21 9:08:31
DOT/USD,22.602,22.617,11-06-21 9:08:21
DOT/USD,22.602,22.607,11-06-21 9:08:11
DOT/USD,22.602,22.607,11-06-21 9:08:01
DOT/USD,22.602,22.61,11-06-21 9:07:51
DOT/USD,22.601,22.61,11-06-21 9:07:41
DOT/USD,22.6,22.608,11-06-21 9:07:31
DOT/USD,22.592,22.61,11-06-21 9:07:21
DOT/USD,22.592,22.61,11-06-21 9:07:11
DOT/USD,22.605,22.627,11-06-21 9:07:01
DOT/USD,22.592,22.611,11-06-21 9:06:51
DOT/USD,22.581,22.601,11-06-21 9:06:41
DOT/USD,22.575,22.59,11-06-21 9:06:31
DOT/USD,22.574,22.589,11-06-21 9:06:21
DOT/USD,22.569,22.595,11-06-21 9:06:11
DOT/USD,22.558,22.57,11-06-21 9:06:01
DOT/USD,22.558,22.569,11-06-21 9:05:51
DOT/USD,22.558,22.571,11-06-21 9:05:41
DOT/USD,22.558,22.568,11-06-21 9:05:31
DOT/USD,22.558,22.568,11-06-21 9:05:21
DOT/USD,22.558,22.568,11-06-21 9:05:11
DOT/USD,22.558,22.568,11-06-21 9:05:01
DOT/USD,22.558,22.568,11-06-21 9:04:51
DOT/USD,22.558,22.568,11-06-21 9:04:41
DOT/USD,22.558,22.568,11-06-21 9:04:31
DOT/USD,22.571,22.583,11-06-21 9:04:21
DOT/USD,22.57,22.578,11-06-21 9:04:11
DOT/USD,22.569,22.575,11-06-21 9:04:01
DOT/USD,22.569,22.582,11-06-21 9:03:51
DOT/USD,22.569,22.582,11-06-21 9:03:41
DOT/USD,22.569,22.582,11-06-21 9:03:31
DOT/USD,22.569,22.586,11-06-21 9:03:21
DOT/USD,22.569,22.586,11-06-21 9:03:11
DOT/USD,22.567,22.585,11-06-21 9:03:01
DOT/USD,22.585,22.601,11-06-21 9:02:51
DOT/USD,22.577,22.591,11-06-21 9:02:41
DOT/USD,22.577,22.595,11-06-21 9:02:31
DOT/USD,22.598,22.619,11-06-21 9:02:21
DOT/USD,22.625,22.626,11-06-21 9:02:11
DOT/USD,22.625,22.64,11-06-21 9:02:01
DOT/USD,22.637,22.644,11-06-21 9:01:51
DOT/USD,22.637,22.651,11-06-21 9:01:41
DOT/USD,22.637,22.652,11-06-21 9:01:31
DOT/USD,22.625,22.651,11-06-21 9:01:21
DOT/USD,22.623,22.65,11-06-21 9:01:11
DOT/USD,22.623,22.644,11-06-21 9:01:01
DOT/USD,22.64,22.665,11-06-21 9:00:51
DOT/USD,22.636,22.662,11-06-21 9:00:41
DOT/USD,22.633,22.655,11-06-21 9:00:31
DOT/USD,22.607,22.642,11-06-21 9:00:21
DOT/USD,22.604,22.624,11-06-21 9:00:11
DOT/USD,22.581,22.598,11-06-21 9:00:01
DOT/USD,22.577,22.597,11-06-21 8:59:51
DOT/USD,22.58,22.597,11-06-21 8:59:41
DOT/USD,22.578,22.597,11-06-21 8:59:31
DOT/USD,22.578,22.603,11-06-21 8:59:21
DOT/USD,22.577,22.594,11-06-21 8:59:11
DOT/USD,22.597,22.603,11-06-21 8:59:01
DOT/USD,22.601,22.615,11-06-21 8:58:51
DOT/USD,22.603,22.619,11-06-21 8:58:41
DOT/USD,22.606,22.621,11-06-21 8:58:31
DOT/USD,22.611,22.626,11-06-21 8:58:21
DOT/USD,22.612,22.628,11-06-21 8:58:11
DOT/USD,22.607,22.621,11-06-21 8:58:01
DOT/USD,22.612,22.628,11-06-21 8:57:51
DOT/USD,22.613,22.629,11-06-21 8:57:41
DOT/USD,22.607,22.624,11-06-21 8:57:31
DOT/USD,22.604,22.619,11-06-21 8:57:21
DOT/USD,22.599,22.616,11-06-21 8:57:11
DOT/USD,22.592,22.612,11-06-21 8:57:01
DOT/USD,22.599,22.612,11-06-21 8:56:51
DOT/USD,22.61,22.627,11-06-21 8:56:41
DOT/USD,22.604,22.622,11-06-21 8:56:31
DOT/USD,22.611,22.632,11-06-21 8:56:21
DOT/USD,22.605,22.628,11-06-21 8:56:11
DOT/USD,22.598,22.612,11-06-21 8:56:01
DOT/USD,22.592,22.606,11-06-21 8:55:51
DOT/USD,22.574,22.591,11-06-21 8:55:41
DOT/USD,22.564,22.578,11-06-21 8:55:31
DOT/USD,22.576,22.589,11-06-21 8:55:21
DOT/USD,22.569,22.583,11-06-21 8:55:11
DOT/USD,22.566,22.583,11-06-21 8:55:01
DOT/USD,22.567,22.583,11-06-21 8:54:51
DOT/USD,22.575,22.591,11-06-21 8:54:41
DOT/USD,22.591,22.603,11-06-21 8:54:31
DOT/USD,22.584,22.598,11-06-21 8:54:21
DOT/USD,22.585,22.6,11-06-21 8:54:11
DOT/USD,22.587,22.6,11-06-21 8:54:01
DOT/USD,22.588,22.608,11-06-21 8:53:51
DOT/USD,22.59,22.612,11-06-21 8:53:41
DOT/USD,22.58,22.597,11-06-21 8:53:31
DOT/USD,22.566,22.583,11-06-21 8:53:21
DOT/USD,22.565,22.585,11-06-21 8:53:11
DOT/USD,22.569,22.585,11-06-21 8:53:01
DOT/USD,22.574,22.589,11-06-21 8:52:51
DOT/USD,22.573,22.589,11-06-21 8:52:41
DOT/USD,22.575,22.594,11-06-21 8:52:31
DOT/USD,22.566,22.583,11-06-21 8:52:21
DOT/USD,22.563,22.583,11-06-21 8:52:11
DOT/USD,22.555,22.573,11-06-21 8:52:01
DOT/USD,22.589,22.6,11-06-21 8:51:51
DOT/USD,22.598,22.608,11-06-21 8:51:41
DOT/USD,22.593,22.608,11-06-21 8:51:31
DOT/USD,22.591,22.607,11-06-21 8:51:21
DOT/USD,22.592,22.616,11-06-21 8:51:11
DOT/USD,22.602,22.622,11-06-21 8:51:01
DOT/USD,22.581,22.603,11-06-21 8:50:51
DOT/USD,22.582,22.603,11-06-21 8:50:41
DOT/USD,22.572,22.595,11-06-21 8:50:31
DOT/USD,22.571,22.592,11-06-21 8:50:20
DOT/USD,22.571,22.596,11-06-21 8:50:11
DOT/USD,22.579,22.6,11-06-21 8:50:01
DOT/USD,22.566,22.588,11-06-21 8:49:51
DOT/USD,22.561,22.584,11-06-21 8:49:41
DOT/USD,22.565,22.591,11-06-21 8:49:31
DOT/USD,22.565,22.589,11-06-21 8:49:21
DOT/USD,22.552,22.573,11-06-21 8:49:11
DOT/USD,22.55,22.563,11-06-21 8:49:01
DOT/USD,22.542,22.56,11-06-21 8:48:51
DOT/USD,22.541,22.559,11-06-21 8:48:41
DOT/USD,22.554,22.573,11-06-21 8:48:31
DOT/USD,22.575,22.593,11-06-21 8:48:21
DOT/USD,22.575,22.593,11-06-21 8:48:11
DOT/USD,22.573,22.593,11-06-21 8:48:01
DOT/USD,22.594,22.61,11-06-21 8:47:51
DOT/USD,22.584,22.605,11-06-21 8:47:41
DOT/USD,22.578,22.598,11-06-21 8:47:31
DOT/USD,22.58,22.599,11-06-21 8:47:21
DOT/USD,22.574,22.605,11-06-21 8:47:11
DOT/USD,22.573,22.594,11-06-21 8:47:01
DOT/USD,22.59,22.61,11-06-21 8:46:51
DOT/USD,22.585,22.606,11-06-21 8:46:41
DOT/USD,22.578,22.603,11-06-21 8:46:31
DOT/USD,22.585,22.612,11-06-21 8:46:21
DOT/USD,22.58,22.587,11-06-21 8:46:11
DOT/USD,22.576,22.587,11-06-21 8:46:01
DOT/USD,22.556,22.568,11-06-21 8:45:51
DOT/USD,22.546,22.556,11-06-21 8:45:40
DOT/USD,22.541,22.55,11-06-21 8:45:31
DOT/USD,22.535,22.546,11-06-21 8:45:21
DOT/USD,22.521,22.537,11-06-21 8:45:11
DOT/USD,22.532,22.542,11-06-21 8:45:01
DOT/USD,22.532,22.548,11-06-21 8:44:51
DOT/USD,22.535,22.548,11-06-21 8:44:41
DOT/USD,22.536,22.555,11-06-21 8:44:31
DOT/USD,22.531,22.555,11-06-21 8:44:21
DOT/USD,22.537,22.555,11-06-21 8:44:11
DOT/USD,22.539,22.56,11-06-21 8:44:01
DOT/USD,22.552,22.576,11-06-21 8:43:51
DOT/USD,22.53,22.548,11-06-21 8:43:41
DOT/USD,22.525,22.55,11-06-21 8:43:31
DOT/USD,22.515,22.528,11-06-21 8:43:21
DOT/USD,22.552,22.569,11-06-21 8:43:11
DOT/USD,22.592,22.615,11-06-21 8:43:01
DOT/USD,22.579,22.593,11-06-21 8:42:51
DOT/USD,22.577,22.594,11-06-21 8:42:41
DOT/USD,22.593,22.601,11-06-21 8:42:31
DOT/USD,22.593,22.606,11-06-21 8:42:21
DOT/USD,22.593,22.613,11-06-21 8:42:11
DOT/USD,22.593,22.607,11-06-21 8:42:01
DOT/USD,22.593,22.602,11-06-21 8:41:51
DOT/USD,22.593,22.611,11-06-21 8:41:41
DOT/USD,22.593,22.611,11-06-21 8:41:31
DOT/USD,22.593,22.61,11-06-21 8:41:21
DOT/USD,22.576,22.596,11-06-21 8:41:11
DOT/USD,22.57,22.587,11-06-21 8:41:01
DOT/USD,22.57,22.592,11-06-21 8:40:51
DOT/USD,22.595,22.603,11-06-21 8:40:41
DOT/USD,22.599,22.626,11-06-21 8:40:31
DOT/USD,22.586,22.61,11-06-21 8:40:21
DOT/USD,22.565,22.591,11-06-21 8:40:11
DOT/USD,22.61,22.633,11-06-21 8:40:01
DOT/USD,22.61,22.64,11-06-21 8:39:51
DOT/USD,22.548,22.576,11-06-21 8:39:41
DOT/USD,22.554,22.562,11-06-21 8:39:31
DOT/USD,22.579,22.587,11-06-21 8:39:21
DOT/USD,22.579,22.593,11-06-21 8:39:11
DOT/USD,22.576,22.588,11-06-21 8:39:01
DOT/USD,22.576,22.596,11-06-21 8:38:51
DOT/USD,22.615,22.619,11-06-21 8:38:41
DOT/USD,22.638,22.646,11-06-21 8:38:31
DOT/USD,22.638,22.646,11-06-21 8:38:21
DOT/USD,22.638,22.645,11-06-21 8:38:11
DOT/USD,22.638,22.641,11-06-21 8:38:01
DOT/USD,22.638,22.652,11-06-21 8:37:51
DOT/USD,22.645,22.663,11-06-21 8:37:41
DOT/USD,22.672,22.685,11-06-21 8:37:31
DOT/USD,22.672,22.693,11-06-21 8:37:21
DOT/USD,22.648,22.659,11-06-21 8:37:11
DOT/USD,22.652,22.676,11-06-21 8:37:01
DOT/USD,22.679,22.693,11-06-21 8:36:51
DOT/USD,22.678,22.69,11-06-21 8:36:41
DOT/USD,22.675,22.692,11-06-21 8:36:31
DOT/USD,22.686,22.695,11-06-21 8:36:21
DOT/USD,22.686,22.7,11-06-21 8:36:11
DOT/USD,22.686,22.703,11-06-21 8:36:01
DOT/USD,22.678,22.701,11-06-21 8:35:51
DOT/USD,22.672,22.693,11-06-21 8:35:41
DOT/USD,22.691,22.703,11-06-21 8:35:31
DOT/USD,22.691,22.714,11-06-21 8:35:21
DOT/USD,22.689,22.716,11-06-21 8:35:11
DOT/USD,22.672,22.699,11-06-21 8:35:01
DOT/USD,22.666,22.685,11-06-21 8:34:51
DOT/USD,22.666,22.685,11-06-21 8:34:41
DOT/USD,22.666,22.685,11-06-21 8:34:31
DOT/USD,22.697,22.701,11-06-21 8:34:21
DOT/USD,22.697,22.716,11-06-21 8:34:11
DOT/USD,22.697,22.721,11-06-21 8:34:01
DOT/USD,22.702,22.723,11-06-21 8:33:51
DOT/USD,22.644,22.67,11-06-21 8:33:41
DOT/USD,22.659,22.682,11-06-21 8:33:31
DOT/USD,22.642,22.659,11-06-21 8:33:21
DOT/USD,22.635,22.654,11-06-21 8:33:11
DOT/USD,22.635,22.663,11-06-21 8:33:01
DOT/USD,22.634,22.657,11-06-21 8:32:51
DOT/USD,22.629,22.655,11-06-21 8:32:41
DOT/USD,22.656,22.68,11-06-21 8:32:31
DOT/USD,22.656,22.68,11-06-21 8:32:21
DOT/USD,22.656,22.683,11-06-21 8:32:11
DOT/USD,22.675,22.7,11-06-21 8:32:01
DOT/USD,22.651,22.677,11-06-21 8:31:51
DOT/USD,22.651,22.677,11-06-21 8:31:41
DOT/USD,22.647,22.679,11-06-21 8:31:31
DOT/USD,22.728,22.741,11-06-21 8:31:21
DOT/USD,22.745,22.755,11-06-21 8:31:11
DOT/USD,22.762,22.773,11-06-21 8:31:01
DOT/USD,22.767,22.782,11-06-21 8:30:51
DOT/USD,22.769,22.782,11-06-21 8:30:41
DOT/USD,22.774,22.792,11-06-21 8:30:31
DOT/USD,22.784,22.811,11-06-21 8:30:21
DOT/USD,22.795,22.814,11-06-21 8:30:11
DOT/USD,22.769,22.788,11-06-21 8:30:01
DOT/USD,22.767,22.788,11-06-21 8:29:51
DOT/USD,22.772,22.788,11-06-21 8:29:41
DOT/USD,22.788,22.803,11-06-21 8:29:31
DOT/USD,22.79,22.806,11-06-21 8:29:21
DOT/USD,22.763,22.782,11-06-21 8:29:11
DOT/USD,22.778,22.8,11-06-21 8:29:01
DOT/USD,22.798,22.813,11-06-21 8:28:51
DOT/USD,22.811,22.822,11-06-21 8:28:41
DOT/USD,22.815,22.837,11-06-21 8:28:31
DOT/USD,22.816,22.837,11-06-21 8:28:21
DOT/USD,22.8,22.816,11-06-21 8:28:11
DOT/USD,22.796,22.807,11-06-21 8:28:01
DOT/USD,22.79,22.797,11-06-21 8:27:51
DOT/USD,22.797,22.807,11-06-21 8:27:41
DOT/USD,22.803,22.814,11-06-21 8:27:31
DOT/USD,22.805,22.819,11-06-21 8:27:21
DOT/USD,22.8,22.824,11-06-21 8:27:11
DOT/USD,22.801,22.826,11-06-21 8:27:01
DOT/USD,22.798,22.825,11-06-21 8:26:51
DOT/USD,22.802,22.835,11-06-21 8:26:41
DOT/USD,22.806,22.826,11-06-21 8:26:31
DOT/USD,22.815,22.843,11-06-21 8:26:21
DOT/USD,22.809,22.835,11-06-21 8:26:11
DOT/USD,22.794,22.823,11-06-21 8:26:01
DOT/USD,22.778,22.81,11-06-21 8:25:51
DOT/USD,22.786,22.805,11-06-21 8:25:41
DOT/USD,22.803,22.827,11-06-21 8:25:31
DOT/USD,22.79,22.815,11-06-21 8:25:21
DOT/USD,22.763,22.789,11-06-21 8:25:10
DOT/USD,22.77,22.789,11-06-21 8:25:01
DOT/USD,22.767,22.783,11-06-21 8:24:51
DOT/USD,22.746,22.765,11-06-21 8:24:41
DOT/USD,22.74,22.765,11-06-21 8:24:31
DOT/USD,22.729,22.749,11-06-21 8:24:21
DOT/USD,22.724,22.741,11-06-21 8:24:11
DOT/USD,22.722,22.738,11-06-21 8:24:01
DOT/USD,22.718,22.735,11-06-21 8:23:51
DOT/USD,22.714,22.735,11-06-21 8:23:41
DOT/USD,22.715,22.735,11-06-21 8:23:31
DOT/USD,22.721,22.745,11-06-21 8:23:21
DOT/USD,22.728,22.749,11-06-21 8:23:11
DOT/USD,22.717,22.742,11-06-21 8:23:01
DOT/USD,22.726,22.746,11-06-21 8:22:51
DOT/USD,22.727,22.746,11-06-21 8:22:41
DOT/USD,22.719,22.734,11-06-21 8:22:31
DOT/USD,22.727,22.749,11-06-21 8:22:21
DOT/USD,22.72,22.738,11-06-21 8:22:11
DOT/USD,22.733,22.753,11-06-21 8:22:01
DOT/USD,22.742,22.756,11-06-21 8:21:51
DOT/USD,22.74,22.753,11-06-21 8:21:41
DOT/USD,22.735,22.755,11-06-21 8:21:31
DOT/USD,22.736,22.756,11-06-21 8:21:21
DOT/USD,22.728,22.749,11-06-21 8:21:11
DOT/USD,22.715,22.729,11-06-21 8:21:01
DOT/USD,22.71,22.728,11-06-21 8:20:51
DOT/USD,22.707,22.725,11-06-21 8:20:41
DOT/USD,22.717,22.736,11-06-21 8:20:31
DOT/USD,22.716,22.737,11-06-21 8:20:21
DOT/USD,22.718,22.741,11-06-21 8:20:11
DOT/USD,22.724,22.742,11-06-21 8:20:01
DOT/USD,22.72,22.732,11-06-21 8:19:51
DOT/USD,22.717,22.723,11-06-21 8:19:41
DOT/USD,22.713,22.733,11-06-21 8:19:31
DOT/USD,22.715,22.733,11-06-21 8:19:21
DOT/USD,22.708,22.724,11-06-21 8:19:11
DOT/USD,22.729,22.74,11-06-21 8:19:01
DOT/USD,22.706,22.717,11-06-21 8:18:51
DOT/USD,22.697,22.717,11-06-21 8:18:41
DOT/USD,22.703,22.717,11-06-21 8:18:31
DOT/USD,22.719,22.727,11-06-21 8:18:21
DOT/USD,22.712,22.723,11-06-21 8:18:11
DOT/USD,22.717,22.732,11-06-21 8:18:01
DOT/USD,22.73,22.743,11-06-21 8:17:51
DOT/USD,22.727,22.739,11-06-21 8:17:41
DOT/USD,22.717,22.742,11-06-21 8:17:31
DOT/USD,22.72,22.744,11-06-21 8:17:21
DOT/USD,22.744,22.77,11-06-21 8:17:11
DOT/USD,22.743,22.77,11-06-21 8:17:01
DOT/USD,22.782,22.801,11-06-21 8:16:51
DOT/USD,22.782,22.797,11-06-21 8:16:41
DOT/USD,22.782,22.802,11-06-21 8:16:31
DOT/USD,22.781,22.802,11-06-21 8:16:21
DOT/USD,22.781,22.802,11-06-21 8:16:11
DOT/USD,22.785,22.803,11-06-21 8:16:01
DOT/USD,22.788,22.802,11-06-21 8:15:51
DOT/USD,22.78,22.803,11-06-21 8:15:41
DOT/USD,22.785,22.809,11-06-21 8:15:31
DOT/USD,22.788,22.809,11-06-21 8:15:21
DOT/USD,22.782,22.804,11-06-21 8:15:11
DOT/USD,22.764,22.781,11-06-21 8:15:01
DOT/USD,22.758,22.783,11-06-21 8:14:51
DOT/USD,22.762,22.784,11-06-21 8:14:41
DOT/USD,22.778,22.792,11-06-21 8:14:31
DOT/USD,22.785,22.807,11-06-21 8:14:21
DOT/USD,22.782,22.807,11-06-21 8:14:11
DOT/USD,22.782,22.807,11-06-21 8:14:01
DOT/USD,22.802,22.825,11-06-21 8:13:51
DOT/USD,22.801,22.82,11-06-21 8:13:41
DOT/USD,22.809,22.828,11-06-21 8:13:31
DOT/USD,22.808,22.834,11-06-21 8:13:21
DOT/USD,22.804,22.832,11-06-21 8:13:11
DOT/USD,22.79,22.813,11-06-21 8:13:01
DOT/USD,22.796,22.813,11-06-21 8:12:51
DOT/USD,22.806,22.828,11-06-21 8:12:41
DOT/USD,22.834,22.839,11-06-21 8:12:31
DOT/USD,22.788,22.819,11-06-21 8:12:21
DOT/USD,22.804,22.829,11-06-21 8:12:11
DOT/USD,22.828,22.848,11-06-21 8:12:01
DOT/USD,22.856,22.864,11-06-21 8:11:51
DOT/USD,22.854,22.866,11-06-21 8:11:41
DOT/USD,22.838,22.856,11-06-21 8:11:31
DOT/USD,22.832,22.856,11-06-21 8:11:21
DOT/USD,22.835,22.851,11-06-21 8:11:11
DOT/USD,22.87,22.897,11-06-21 8:11:01
DOT/USD,22.869,22.888,11-06-21 8:10:51
DOT/USD,22.871,22.9,11-06-21 8:10:41
DOT/USD,22.871,22.901,11-06-21 8:10:31
DOT/USD,22.87,22.894,11-06-21 8:10:21
DOT/USD,22.861,22.898,11-06-21 8:10:11
DOT/USD,22.914,22.93,11-06-21 8:10:01
DOT/USD,22.914,22.926,11-06-21 8:09:51
DOT/USD,22.914,22.931,11-06-21 8:09:41
DOT/USD,22.914,22.916,11-06-21 8:09:31
DOT/USD,22.897,22.914,11-06-21 8:09:21
DOT/USD,22.893,22.914,11-06-21 8:09:11
DOT/USD,22.885,22.912,11-06-21 8:09:01
DOT/USD,22.886,22.913,11-06-21 8:08:51
DOT/USD,22.881,22.906,11-06-21 8:08:41
DOT/USD,22.891,22.91,11-06-21 8:08:31
DOT/USD,22.885,22.912,11-06-21 8:08:21
DOT/USD,22.882,22.905,11-06-21 8:08:11
DOT/USD,22.888,22.914,11-06-21 8:08:01
DOT/USD,22.886,22.896,11-06-21 8:07:51
DOT/USD,22.894,22.921,11-06-21 8:07:41
DOT/USD,22.886,22.91,11-06-21 8:07:31
DOT/USD,22.881,22.907,11-06-21 8:07:21
DOT/USD,22.857,22.879,11-06-21 8:07:11
DOT/USD,22.864,22.894,11-06-21 8:07:01
DOT/USD,22.886,22.904,11-06-21 8:06:51
DOT/USD,22.886,22.914,11-06-21 8:06:41
DOT/USD,22.882,22.887,11-06-21 8:06:31
DOT/USD,22.881,22.887,11-06-21 8:06:21
DOT/USD,22.875,22.887,11-06-21 8:06:11
DOT/USD,22.874,22.881,11-06-21 8:06:01
DOT/USD,22.859,22.872,11-06-21 8:05:51
DOT/USD,22.859,22.876,11-06-21 8:05:41
DOT/USD,22.848,22.871,11-06-21 8:05:31
DOT/USD,22.872,22.887,11-06-21 8:05:21
DOT/USD,22.849,22.861,11-06-21 8:05:11
DOT/USD,22.818,22.843,11-06-21 8:05:01
DOT/USD,22.835,22.857,11-06-21 8:04:51
DOT/USD,22.839,22.86,11-06-21 8:04:41
DOT/USD,22.813,22.827,11-06-21 8:04:31
DOT/USD,22.81,22.823,11-06-21 8:04:21
DOT/USD,22.785,22.81,11-06-21 8:04:11
DOT/USD,22.797,22.816,11-06-21 8:04:01
DOT/USD,22.789,22.803,11-06-21 8:03:51
DOT/USD,22.787,22.809,11-06-21 8:03:41
DOT/USD,22.788,22.819,11-06-21 8:03:31
DOT/USD,22.769,22.793,11-06-21 8:03:21
DOT/USD,22.734,22.76,11-06-21 8:03:11
DOT/USD,22.747,22.773,11-06-21 8:03:01
DOT/USD,22.718,22.74,11-06-21 8:02:51
DOT/USD,22.727,22.764,11-06-21 8:02:41
DOT/USD,22.763,22.788,11-06-21 8:02:31
DOT/USD,22.746,22.775,11-06-21 8:02:21
DOT/USD,22.748,22.781,11-06-21 8:02:11
DOT/USD,22.775,22.8,11-06-21 8:02:01
DOT/USD,22.749,22.784,11-06-21 8:01:51
DOT/USD,22.73,22.763,11-06-21 8:01:41
DOT/USD,22.712,22.743,11-06-21 8:01:31
DOT/USD,22.692,22.719,11-06-21 8:01:21
DOT/USD,22.644,22.67,11-06-21 8:01:11
DOT/USD,22.671,22.691,11-06-21 8:01:01
DOT/USD,22.667,22.693,11-06-21 8:00:51
DOT/USD,22.666,22.694,11-06-21 8:00:41
DOT/USD,22.672,22.698,11-06-21 8:00:31
DOT/USD,22.653,22.671,11-06-21 8:00:21
DOT/USD,22.653,22.678,11-06-21 8:00:11
DOT/USD,22.658,22.691,11-06-21 8:00:01
DOT/USD,22.649,22.671,11-06-21 7:59:51
DOT/USD,22.629,22.656,11-06-21 7:59:41
DOT/USD,22.633,22.659,11-06-21 7:59:31
DOT/USD,22.647,22.674,11-06-21 7:59:21
DOT/USD,22.625,22.65,11-06-21 7:59:11
DOT/USD,22.654,22.667,11-06-21 7:59:01
DOT/USD,22.629,22.656,11-06-21 7:58:51
DOT/USD,22.635,22.662,11-06-21 7:58:41
DOT/USD,22.637,22.657,11-06-21 7:58:31
DOT/USD,22.613,22.636,11-06-21 7:58:21
DOT/USD,22.601,22.625,11-06-21 7:58:11
DOT/USD,22.606,22.631,11-06-21 7:58:01
DOT/USD,22.622,22.649,11-06-21 7:57:51
DOT/USD,22.625,22.649,11-06-21 7:57:41
DOT/USD,22.63,22.65,11-06-21 7:57:31
DOT/USD,22.633,22.659,11-06-21 7:57:21
DOT/USD,22.624,22.657,11-06-21 7:57:11
DOT/USD,22.621,22.643,11-06-21 7:57:01
DOT/USD,22.642,22.669,11-06-21 7:56:51
DOT/USD,22.642,22.669,11-06-21 7:56:41
DOT/USD,22.663,22.687,11-06-21 7:56:31
DOT/USD,22.649,22.673,11-06-21 7:56:21
DOT/USD,22.65,22.669,11-06-21 7:56:11
DOT/USD,22.67,22.686,11-06-21 7:56:01
DOT/USD,22.669,22.686,11-06-21 7:55:51
DOT/USD,22.673,22.686,11-06-21 7:55:41
DOT/USD,22.673,22.686,11-06-21 7:55:31
DOT/USD,22.654,22.686,11-06-21 7:55:21
DOT/USD,22.654,22.68,11-06-21 7:55:11
DOT/USD,22.676,22.705,11-06-21 7:55:01
DOT/USD,22.67,22.696,11-06-21 7:54:51
DOT/USD,22.644,22.674,11-06-21 7:54:41
DOT/USD,22.628,22.657,11-06-21 7:54:31
DOT/USD,22.642,22.658,11-06-21 7:54:21
DOT/USD,22.614,22.636,11-06-21 7:54:11
DOT/USD,22.616,22.638,11-06-21 7:54:01
DOT/USD,22.63,22.651,11-06-21 7:53:51
DOT/USD,22.63,22.652,11-06-21 7:53:41
DOT/USD,22.623,22.649,11-06-21 7:53:31
DOT/USD,22.64,22.664,11-06-21 7:53:21
DOT/USD,22.616,22.64,11-06-21 7:53:11
DOT/USD,22.615,22.639,11-06-21 7:53:01
DOT/USD,22.608,22.63,11-06-21 7:52:51
DOT/USD,22.604,22.616,11-06-21 7:52:41
DOT/USD,22.612,22.619,11-06-21 7:52:31
DOT/USD,22.612,22.618,11-06-21 7:52:21
DOT/USD,22.602,22.614,11-06-21 7:52:11
DOT/USD,22.612,22.621,11-06-21 7:52:01
DOT/USD,22.618,22.625,11-06-21 7:51:51
DOT/USD,22.598,22.617,11-06-21 7:51:41
DOT/USD,22.608,22.625,11-06-21 7:51:31
DOT/USD,22.623,22.628,11-06-21 7:51:21
DOT/USD,22.595,22.609,11-06-21 7:51:11
DOT/USD,22.587,22.611,11-06-21 7:51:01
DOT/USD,22.593,22.614,11-06-21 7:50:51
DOT/USD,22.584,22.604,11-06-21 7:50:41
DOT/USD,22.547,22.576,11-06-21 7:50:31
DOT/USD,22.553,22.574,11-06-21 7:50:21
DOT/USD,22.548,22.582,11-06-21 7:50:11
DOT/USD,22.532,22.555,11-06-21 7:50:01
DOT/USD,22.557,22.571,11-06-21 7:49:51
DOT/USD,22.556,22.571,11-06-21 7:49:41
DOT/USD,22.562,22.572,11-06-21 7:49:31
DOT/USD,22.551,22.557,11-06-21 7:49:21
DOT/USD,22.544,22.563,11-06-21 7:49:11
DOT/USD,22.565,22.58,11-06-21 7:49:01
DOT/USD,22.569,22.578,11-06-21 7:48:51
DOT/USD,22.573,22.595,11-06-21 7:48:41
DOT/USD,22.567,22.582,11-06-21 7:48:31
DOT/USD,22.577,22.588,11-06-21 7:48:21
DOT/USD,22.589,22.599,11-06-21 7:48:11
DOT/USD,22.589,22.609,11-06-21 7:48:01
DOT/USD,22.589,22.605,11-06-21 7:47:51
DOT/USD,22.597,22.63,11-06-21 7:47:41
DOT/USD,22.652,22.677,11-06-21 7:47:31
DOT/USD,22.639,22.665,11-06-21 7:47:21
DOT/USD,22.618,22.633,11-06-21 7:47:11
DOT/USD,22.622,22.638,11-06-21 7:47:01
DOT/USD,22.592,22.607,11-06-21 7:46:51
DOT/USD,22.589,22.607,11-06-21 7:46:41
DOT/USD,22.589,22.61,11-06-21 7:46:31
DOT/USD,22.589,22.61,11-06-21 7:46:21
DOT/USD,22.599,22.626,11-06-21 7:46:11
DOT/USD,22.627,22.649,11-06-21 7:46:01
DOT/USD,22.648,22.664,11-06-21 7:45:51
DOT/USD,22.649,22.674,11-06-21 7:45:41
DOT/USD,22.653,22.675,11-06-21 7:45:31
DOT/USD,22.685,22.689,11-06-21 7:45:21
DOT/USD,22.711,22.729,11-06-21 7:45:11
DOT/USD,22.687,22.712,11-06-21 7:45:01
DOT/USD,22.679,22.706,11-06-21 7:44:51
DOT/USD,22.661,22.693,11-06-21 7:44:41
DOT/USD,22.651,22.663,11-06-21 7:44:31
DOT/USD,22.645,22.676,11-06-21 7:44:21
DOT/USD,22.651,22.676,11-06-21 7:44:11
DOT/USD,22.645,22.676,11-06-21 7:44:01
DOT/USD,22.654,22.686,11-06-21 7:43:51
DOT/USD,22.64,22.666,11-06-21 7:43:41
DOT/USD,22.595,22.628,11-06-21 7:43:31
DOT/USD,22.6,22.618,11-06-21 7:43:21
DOT/USD,22.606,22.633,11-06-21 7:43:11
DOT/USD,22.642,22.657,11-06-21 7:43:01
DOT/USD,22.662,22.671,11-06-21 7:42:51
DOT/USD,22.65,22.666,11-06-21 7:42:41
DOT/USD,22.637,22.654,11-06-21 7:42:31
DOT/USD,22.682,22.701,11-06-21 7:42:21
DOT/USD,22.718,22.732,11-06-21 7:42:11
DOT/USD,22.714,22.729,11-06-21 7:42:01
DOT/USD,22.719,22.735,11-06-21 7:41:51
DOT/USD,22.717,22.734,11-06-21 7:41:41
DOT/USD,22.719,22.737,11-06-21 7:41:31
DOT/USD,22.71,22.735,11-06-21 7:41:21
DOT/USD,22.728,22.751,11-06-21 7:41:11
DOT/USD,22.714,22.734,11-06-21 7:41:01
DOT/USD,22.715,22.733,11-06-21 7:40:51
DOT/USD,22.721,22.75,11-06-21 7:40:41
DOT/USD,22.723,22.752,11-06-21 7:40:31
DOT/USD,22.725,22.751,11-06-21 7:40:21
DOT/USD,22.71,22.737,11-06-21 7:40:11
DOT/USD,22.713,22.732,11-06-21 7:40:01
DOT/USD,22.717,22.732,11-06-21 7:39:50
DOT/USD,22.719,22.741,11-06-21 7:39:41
DOT/USD,22.729,22.741,11-06-21 7:39:30
DOT/USD,22.724,22.74,11-06-21 7:39:21
DOT/USD,22.728,22.739,11-06-21 7:39:11
DOT/USD,22.723,22.73,11-06-21 7:39:01
DOT/USD,22.736,22.747,11-06-21 7:38:51
DOT/USD,22.732,22.747,11-06-21 7:38:41
DOT/USD,22.729,22.747,11-06-21 7:38:31
DOT/USD,22.723,22.742,11-06-21 7:38:21
DOT/USD,22.72,22.739,11-06-21 7:38:11
DOT/USD,22.743,22.768,11-06-21 7:38:01
DOT/USD,22.744,22.768,11-06-21 7:37:51
DOT/USD,22.745,22.768,11-06-21 7:37:41
DOT/USD,22.748,22.768,11-06-21 7:37:31
DOT/USD,22.746,22.768,11-06-21 7:37:21
DOT/USD,22.755,22.78,11-06-21 7:37:11
DOT/USD,22.766,22.796,11-06-21 7:37:01
DOT/USD,22.766,22.792,11-06-21 7:36:51
DOT/USD,22.79,22.798,11-06-21 7:36:41
DOT/USD,22.789,22.806,11-06-21 7:36:31
DOT/USD,22.785,22.807,11-06-21 7:36:21
DOT/USD,22.821,22.832,11-06-21 7:36:11
DOT/USD,22.822,22.843,11-06-21 7:36:01
DOT/USD,22.813,22.837,11-06-21 7:35:51
DOT/USD,22.832,22.842,11-06-21 7:35:41
DOT/USD,22.832,22.845,11-06-21 7:35:31
DOT/USD,22.842,22.853,11-06-21 7:35:21
DOT/USD,22.832,22.852,11-06-21 7:35:11
DOT/USD,22.843,22.857,11-06-21 7:35:01
DOT/USD,22.84,22.861,11-06-21 7:34:51
DOT/USD,22.829,22.853,11-06-21 7:34:41
DOT/USD,22.816,22.83,11-06-21 7:34:31
DOT/USD,22.806,22.818,11-06-21 7:34:21
DOT/USD,22.806,22.83,11-06-21 7:34:11
DOT/USD,22.802,22.825,11-06-21 7:34:01
DOT/USD,22.802,22.827,11-06-21 7:33:51
DOT/USD,22.8,22.829,11-06-21 7:33:41
DOT/USD,22.807,22.83,11-06-21 7:33:31
DOT/USD,22.775,22.788,11-06-21 7:33:21
DOT/USD,22.775,22.794,11-06-21 7:33:11
DOT/USD,22.775,22.801,11-06-21 7:33:01
DOT/USD,22.775,22.801,11-06-21 7:32:51
DOT/USD,22.775,22.799,11-06-21 7:32:41
DOT/USD,22.741,22.778,11-06-21 7:32:31
DOT/USD,22.758,22.791,11-06-21 7:32:21
DOT/USD,22.695,22.721,11-06-21 7:32:11
DOT/USD,22.685,22.707,11-06-21 7:32:01
DOT/USD,22.684,22.718,11-06-21 7:31:51
DOT/USD,22.64,22.666,11-06-21 7:31:41
DOT/USD,22.625,22.649,11-06-21 7:31:31
DOT/USD,22.617,22.636,11-06-21 7:31:21
DOT/USD,22.607,22.622,11-06-21 7:31:11
DOT/USD,22.63,22.64,11-06-21 7:31:01
DOT/USD,22.626,22.632,11-06-21 7:30:51
DOT/USD,22.618,22.63,11-06-21 7:30:41
DOT/USD,22.618,22.63,11-06-21 7:30:31
DOT/USD,22.622,22.641,11-06-21 7:30:21
DOT/USD,22.637,22.655,11-06-21 7:30:11
DOT/USD,22.623,22.634,11-06-21 7:30:01
DOT/USD,22.634,22.644,11-06-21 7:29:51
DOT/USD,22.628,22.64,11-06-21 7:29:41
DOT/USD,22.632,22.645,11-06-21 7:29:31
DOT/USD,22.624,22.642,11-06-21 7:29:21
DOT/USD,22.62,22.642,11-06-21 7:29:11
DOT/USD,22.629,22.647,11-06-21 7:29:01
DOT/USD,22.642,22.664,11-06-21 7:28:51
DOT/USD,22.652,22.674,11-06-21 7:28:41
DOT/USD,22.638,22.668,11-06-21 7:28:31
DOT/USD,22.635,22.651,11-06-21 7:28:21
DOT/USD,22.628,22.64,11-06-21 7:28:11
DOT/USD,22.621,22.64,11-06-21 7:28:01
DOT/USD,22.621,22.64,11-06-21 7:27:51
DOT/USD,22.613,22.634,11-06-21 7:27:41
DOT/USD,22.617,22.634,11-06-21 7:27:31
DOT/USD,22.617,22.636,11-06-21 7:27:21
DOT/USD,22.636,22.653,11-06-21 7:27:11
DOT/USD,22.635,22.659,11-06-21 7:27:01
DOT/USD,22.635,22.657,11-06-21 7:26:51
DOT/USD,22.646,22.677,11-06-21 7:26:41
DOT/USD,22.644,22.66,11-06-21 7:26:31
DOT/USD,22.631,22.655,11-06-21 7:26:21
DOT/USD,22.623,22.655,11-06-21 7:26:11
DOT/USD,22.612,22.63,11-06-21 7:26:01
DOT/USD,22.608,22.63,11-06-21 7:25:51
DOT/USD,22.581,22.603,11-06-21 7:25:41
DOT/USD,22.578,22.603,11-06-21 7:25:31
DOT/USD,22.577,22.599,11-06-21 7:25:21
DOT/USD,22.589,22.609,11-06-21 7:25:11
DOT/USD,22.597,22.615,11-06-21 7:25:01
DOT/USD,22.588,22.61,11-06-21 7:24:51
DOT/USD,22.588,22.607,11-06-21 7:24:41
DOT/USD,22.603,22.625,11-06-21 7:24:31
DOT/USD,22.625,22.646,11-06-21 7:24:21
DOT/USD,22.586,22.608,11-06-21 7:24:11
DOT/USD,22.57,22.592,11-06-21 7:24:01
DOT/USD,22.576,22.603,11-06-21 7:23:51
DOT/USD,22.576,22.592,11-06-21 7:23:41
DOT/USD,22.563,22.587,11-06-21 7:23:31
DOT/USD,22.563,22.587,11-06-21 7:23:21
DOT/USD,22.577,22.6,11-06-21 7:23:11
DOT/USD,22.601,22.614,11-06-21 7:23:01
DOT/USD,22.604,22.619,11-06-21 7:22:51
DOT/USD,22.601,22.613,11-06-21 7:22:41
DOT/USD,22.598,22.625,11-06-21 7:22:31
DOT/USD,22.607,22.628,11-06-21 7:22:21
DOT/USD,22.605,22.627,11-06-21 7:22:11
DOT/USD,22.591,22.612,11-06-21 7:22:01
DOT/USD,22.592,22.618,11-06-21 7:21:51
DOT/USD,22.588,22.614,11-06-21 7:21:41
DOT/USD,22.594,22.619,11-06-21 7:21:31
DOT/USD,22.57,22.596,11-06-21 7:21:21
DOT/USD,22.578,22.601,11-06-21 7:21:11
DOT/USD,22.593,22.619,11-06-21 7:21:01
DOT/USD,22.599,22.62,11-06-21 7:20:51
DOT/USD,22.591,22.62,11-06-21 7:20:41
DOT/USD,22.597,22.625,11-06-21 7:20:31
DOT/USD,22.613,22.636,11-06-21 7:20:21
DOT/USD,22.61,22.632,11-06-21 7:20:11
DOT/USD,22.622,22.638,11-06-21 7:20:01
DOT/USD,22.617,22.622,11-06-21 7:19:50
DOT/USD,22.616,22.622,11-06-21 7:19:41
DOT/USD,22.611,22.625,11-06-21 7:19:31
DOT/USD,22.614,22.632,11-06-21 7:19:21
DOT/USD,22.626,22.64,11-06-21 7:19:11
DOT/USD,22.644,22.665,11-06-21 7:19:01
DOT/USD,22.646,22.671,11-06-21 7:18:51
DOT/USD,22.634,22.654,11-06-21 7:18:41
DOT/USD,22.631,22.643,11-06-21 7:18:31
DOT/USD,22.609,22.633,11-06-21 7:18:21
DOT/USD,22.596,22.621,11-06-21 7:18:11
DOT/USD,22.596,22.615,11-06-21 7:18:01
DOT/USD,22.59,22.613,11-06-21 7:17:51
DOT/USD,22.579,22.607,11-06-21 7:17:41
DOT/USD,22.575,22.607,11-06-21 7:17:31
DOT/USD,22.588,22.618,11-06-21 7:17:21
DOT/USD,22.608,22.63,11-06-21 7:17:11
DOT/USD,22.547,22.566,11-06-21 7:17:01
DOT/USD,22.547,22.563,11-06-21 7:16:51
DOT/USD,22.547,22.557,11-06-21 7:16:41
DOT/USD,22.546,22.565,11-06-21 7:16:31
DOT/USD,22.538,22.557,11-06-21 7:16:21
DOT/USD,22.534,22.564,11-06-21 7:16:11
DOT/USD,22.542,22.567,11-06-21 7:16:01
DOT/USD,22.533,22.559,11-06-21 7:15:51
DOT/USD,22.526,22.549,11-06-21 7:15:41
DOT/USD,22.511,22.53,11-06-21 7:15:31
DOT/USD,22.499,22.521,11-06-21 7:15:21
DOT/USD,22.497,22.517,11-06-21 7:15:11
DOT/USD,22.479,22.497,11-06-21 7:15:01
DOT/USD,22.47,22.493,11-06-21 7:14:51
DOT/USD,22.472,22.498,11-06-21 7:14:41
DOT/USD,22.473,22.493,11-06-21 7:14:31
DOT/USD,22.47,22.49,11-06-21 7:14:21
DOT/USD,22.466,22.489,11-06-21 7:14:11
DOT/USD,22.459,22.476,11-06-21 7:14:01
DOT/USD,22.454,22.478,11-06-21 7:13:51
DOT/USD,22.456,22.478,11-06-21 7:13:41
DOT/USD,22.47,22.49,11-06-21 7:13:31
DOT/USD,22.468,22.487,11-06-21 7:13:21
DOT/USD,22.46,22.479,11-06-21 7:13:11
DOT/USD,22.456,22.473,11-06-21 7:13:01
DOT/USD,22.449,22.468,11-06-21 7:12:51
DOT/USD,22.455,22.477,11-06-21 7:12:41
DOT/USD,22.456,22.477,11-06-21 7:12:31
DOT/USD,22.46,22.479,11-06-21 7:12:21
DOT/USD,22.45,22.475,11-06-21 7:12:11
DOT/USD,22.459,22.479,11-06-21 7:12:01
DOT/USD,22.457,22.477,11-06-21 7:11:51
DOT/USD,22.452,22.477,11-06-21 7:11:41
DOT/USD,22.446,22.473,11-06-21 7:11:31
DOT/USD,22.462,22.487,11-06-21 7:11:21
DOT/USD,22.487,22.499,11-06-21 7:11:11
DOT/USD,22.471,22.493,11-06-21 7:11:01
DOT/USD,22.482,22.493,11-06-21 7:10:51
DOT/USD,22.462,22.483,11-06-21 7:10:41
DOT/USD,22.47,22.487,11-06-21 7:10:31
DOT/USD,22.463,22.489,11-06-21 7:10:21
DOT/USD,22.468,22.491,11-06-21 7:10:11
DOT/USD,22.47,22.493,11-06-21 7:10:01
DOT/USD,22.463,22.486,11-06-21 7:09:51
DOT/USD,22.467,22.49,11-06-21 7:09:41
DOT/USD,22.462,22.486,11-06-21 7:09:31
DOT/USD,22.46,22.482,11-06-21 7:09:21
DOT/USD,22.446,22.468,11-06-21 7:09:11
DOT/USD,22.429,22.449,11-06-21 7:09:01
DOT/USD,22.441,22.456,11-06-21 7:08:51
DOT/USD,22.44,22.458,11-06-21 7:08:41
DOT/USD,22.432,22.453,11-06-21 7:08:31
DOT/USD,22.478,22.479,11-06-21 7:08:21
DOT/USD,22.478,22.479,11-06-21 7:08:11
DOT/USD,22.478,22.479,11-06-21 7:08:01
DOT/USD,22.478,22.479,11-06-21 7:07:51
DOT/USD,22.478,22.487,11-06-21 7:07:41
DOT/USD,22.471,22.488,11-06-21 7:07:31
DOT/USD,22.471,22.488,11-06-21 7:07:21
DOT/USD,22.47,22.484,11-06-21 7:07:11
DOT/USD,22.473,22.477,11-06-21 7:07:01
DOT/USD,22.473,22.48,11-06-21 7:06:51
DOT/USD,22.473,22.482,11-06-21 7:06:41
DOT/USD,22.476,22.489,11-06-21 7:06:31
DOT/USD,22.473,22.487,11-06-21 7:06:21
DOT/USD,22.473,22.492,11-06-21 7:06:11
DOT/USD,22.473,22.492,11-06-21 7:06:01
DOT/USD,22.469,22.478,11-06-21 7:05:51
DOT/USD,22.469,22.487,11-06-21 7:05:41
DOT/USD,22.484,22.504,11-06-21 7:05:31
DOT/USD,22.5,22.509,11-06-21 7:05:21
DOT/USD,22.513,22.529,11-06-21 7:05:11
DOT/USD,22.494,22.511,11-06-21 7:05:01
DOT/USD,22.511,22.516,11-06-21 7:04:51
DOT/USD,22.523,22.54,11-06-21 7:04:41
DOT/USD,22.532,22.545,11-06-21 7:04:31
DOT/USD,22.532,22.547,11-06-21 7:04:21
DOT/USD,22.532,22.552,11-06-21 7:04:11
DOT/USD,22.532,22.546,11-06-21 7:04:01
DOT/USD,22.531,22.556,11-06-21 7:03:51
DOT/USD,22.555,22.556,11-06-21 7:03:41
DOT/USD,22.555,22.571,11-06-21 7:03:30
DOT/USD,22.551,22.575,11-06-21 7:03:21
DOT/USD,22.551,22.568,11-06-21 7:03:11
DOT/USD,22.536,22.552,11-06-21 7:03:01
DOT/USD,22.535,22.554,11-06-21 7:02:51
DOT/USD,22.555,22.565,11-06-21 7:02:41
DOT/USD,22.548,22.561,11-06-21 7:02:31
DOT/USD,22.538,22.554,11-06-21 7:02:21
DOT/USD,22.536,22.556,11-06-21 7:02:11
DOT/USD,22.527,22.547,11-06-21 7:02:01
DOT/USD,22.518,22.538,11-06-21 7:01:51
DOT/USD,22.505,22.522,11-06-21 7:01:41
DOT/USD,22.495,22.521,11-06-21 7:01:31
DOT/USD,22.507,22.527,11-06-21 7:01:21
DOT/USD,22.507,22.514,11-06-21 7:01:11
DOT/USD,22.507,22.527,11-06-21 7:01:01
DOT/USD,22.509,22.533,11-06-21 7:00:51
DOT/USD,22.497,22.522,11-06-21 7:00:41
DOT/USD,22.493,22.524,11-06-21 7:00:31
DOT/USD,22.51,22.536,11-06-21 7:00:21
DOT/USD,22.514,22.554,11-06-21 7:00:11
DOT/USD,22.475,22.492,11-06-21 7:00:01
DOT/USD,22.481,22.502,11-06-21 6:59:51
DOT/USD,22.482,22.499,11-06-21 6:59:41
DOT/USD,22.478,22.503,11-06-21 6:59:31
DOT/USD,22.492,22.52,11-06-21 6:59:21
DOT/USD,22.466,22.489,11-06-21 6:59:11
DOT/USD,22.464,22.493,11-06-21 6:59:01
DOT/USD,22.469,22.511,11-06-21 6:58:51
DOT/USD,22.477,22.511,11-06-21 6:58:41
DOT/USD,22.498,22.522,11-06-21 6:58:31
DOT/USD,22.498,22.522,11-06-21 6:58:21
DOT/USD,22.49,22.509,11-06-21 6:58:11
DOT/USD,22.478,22.503,11-06-21 6:58:01
DOT/USD,22.515,22.525,11-06-21 6:57:51
DOT/USD,22.515,22.534,11-06-21 6:57:41
DOT/USD,22.527,22.546,11-06-21 6:57:31
DOT/USD,22.531,22.546,11-06-21 6:57:21
DOT/USD,22.555,22.563,11-06-21 6:57:11
DOT/USD,22.559,22.578,11-06-21 6:57:01
DOT/USD,22.563,22.581,11-06-21 6:56:51
DOT/USD,22.569,22.581,11-06-21 6:56:41
DOT/USD,22.572,22.589,11-06-21 6:56:31
DOT/USD,22.567,22.585,11-06-21 6:56:21
DOT/USD,22.571,22.591,11-06-21 6:56:11
DOT/USD,22.562,22.583,11-06-21 6:56:01
DOT/USD,22.583,22.605,11-06-21 6:55:51
DOT/USD,22.576,22.595,11-06-21 6:55:41
DOT/USD,22.58,22.596,11-06-21 6:55:31
DOT/USD,22.602,22.613,11-06-21 6:55:21
DOT/USD,22.604,22.614,11-06-21 6:55:11
DOT/USD,22.6,22.621,11-06-21 6:55:01
DOT/USD,22.611,22.628,11-06-21 6:54:51
DOT/USD,22.621,22.637,11-06-21 6:54:41
DOT/USD,22.613,22.634,11-06-21 6:54:30
DOT/USD,22.599,22.614,11-06-21 6:54:21
DOT/USD,22.6,22.613,11-06-21 6:54:11
DOT/USD,22.6,22.613,11-06-21 6:54:00
DOT/USD,22.602,22.615,11-06-21 6:53:51
DOT/USD,22.602,22.614,11-06-21 6:53:41
DOT/USD,22.602,22.617,11-06-21 6:53:31
DOT/USD,22.598,22.614,11-06-21 6:53:21
DOT/USD,22.598,22.614,11-06-21 6:53:11
DOT/USD,22.595,22.607,11-06-21 6:53:01
DOT/USD,22.599,22.619,11-06-21 6:52:51
DOT/USD,22.596,22.617,11-06-21 6:52:41
DOT/USD,22.597,22.619,11-06-21 6:52:31
DOT/USD,22.596,22.61,11-06-21 6:52:21
DOT/USD,22.598,22.618,11-06-21 6:52:11
DOT/USD,22.6,22.619,11-06-21 6:52:01
DOT/USD,22.603,22.621,11-06-21 6:51:51
DOT/USD,22.589,22.607,11-06-21 6:51:41
DOT/USD,22.589,22.611,11-06-21 6:51:31
DOT/USD,22.594,22.616,11-06-21 6:51:21
DOT/USD,22.592,22.616,11-06-21 6:51:11
DOT/USD,22.595,22.623,11-06-21 6:51:01
DOT/USD,22.601,22.624,11-06-21 6:50:51
DOT/USD,22.592,22.615,11-06-21 6:50:41
DOT/USD,22.587,22.609,11-06-21 6:50:31
DOT/USD,22.587,22.61,11-06-21 6:50:21
DOT/USD,22.586,22.608,11-06-21 6:50:11
DOT/USD,22.589,22.611,11-06-21 6:50:01
DOT/USD,22.594,22.617,11-06-21 6:49:51
DOT/USD,22.595,22.618,11-06-21 6:49:41
DOT/USD,22.591,22.615,11-06-21 6:49:31
DOT/USD,22.568,22.589,11-06-21 6:49:21
DOT/USD,22.561,22.58,11-06-21 6:49:11
DOT/USD,22.555,22.562,11-06-21 6:49:01
DOT/USD,22.556,22.569,11-06-21 6:48:51
DOT/USD,22.566,22.582,11-06-21 6:48:41
DOT/USD,22.57,22.582,11-06-21 6:48:31
DOT/USD,22.577,22.588,11-06-21 6:48:21
DOT/USD,22.576,22.584,11-06-21 6:48:11
DOT/USD,22.573,22.584,11-06-21 6:48:01
DOT/USD,22.586,22.589,11-06-21 6:47:50
DOT/USD,22.588,22.599,11-06-21 6:47:41
DOT/USD,22.593,22.609,11-06-21 6:47:31
DOT/USD,22.596,22.609,11-06-21 6:47:21
DOT/USD,22.602,22.62,11-06-21 6:47:11
DOT/USD,22.617,22.631,11-06-21 6:47:01
DOT/USD,22.622,22.637,11-06-21 6:46:51
DOT/USD,22.627,22.644,11-06-21 6:46:41
DOT/USD,22.623,22.641,11-06-21 6:46:31
DOT/USD,22.627,22.645,11-06-21 6:46:20
DOT/USD,22.628,22.644,11-06-21 6:46:11
DOT/USD,22.638,22.651,11-06-21 6:46:01
DOT/USD,22.637,22.657,11-06-21 6:45:51
DOT/USD,22.636,22.656,11-06-21 6:45:41
DOT/USD,22.634,22.659,11-06-21 6:45:31
DOT/USD,22.623,22.644,11-06-21 6:45:21
DOT/USD,22.62,22.631,11-06-21 6:45:11
DOT/USD,22.608,22.622,11-06-21 6:45:01
DOT/USD,22.608,22.626,11-06-21 6:44:51
DOT/USD,22.606,22.618,11-06-21 6:44:41
DOT/USD,22.611,22.631,11-06-21 6:44:31
DOT/USD,22.612,22.633,11-06-21 6:44:21
DOT/USD,22.61,22.625,11-06-21 6:44:11
DOT/USD,22.618,22.638,11-06-21 6:44:01
DOT/USD,22.618,22.634,11-06-21 6:43:51
DOT/USD,22.628,22.652,11-06-21 6:43:41
DOT/USD,22.636,22.653,11-06-21 6:43:31
DOT/USD,22.642,22.661,11-06-21 6:43:21
DOT/USD,22.643,22.667,11-06-21 6:43:11
DOT/USD,22.644,22.664,11-06-21 6:43:01
DOT/USD,22.653,22.675,11-06-21 6:42:51
DOT/USD,22.665,22.685,11-06-21 6:42:41
DOT/USD,22.658,22.672,11-06-21 6:42:31
DOT/USD,22.64,22.646,11-06-21 6:42:21
DOT/USD,22.633,22.646,11-06-21 6:42:11
DOT/USD,22.639,22.646,11-06-21 6:42:00
DOT/USD,22.626,22.646,11-06-21 6:41:51
DOT/USD,22.621,22.646,11-06-21 6:41:41
DOT/USD,22.615,22.64,11-06-21 6:41:30
DOT/USD,22.602,22.633,11-06-21 6:41:21
DOT/USD,22.607,22.63,11-06-21 6:41:11
DOT/USD,22.614,22.645,11-06-21 6:41:01
DOT/USD,22.613,22.638,11-06-21 6:40:51
DOT/USD,22.613,22.638,11-06-21 6:40:41
DOT/USD,22.63,22.646,11-06-21 6:40:31
DOT/USD,22.631,22.646,11-06-21 6:40:21
DOT/USD,22.622,22.645,11-06-21 6:40:11
DOT/USD,22.618,22.63,11-06-21 6:40:01
DOT/USD,22.665,22.677,11-06-21 6:39:51
DOT/USD,22.67,22.676,11-06-21 6:39:41
DOT/USD,22.68,22.681,11-06-21 6:39:31
DOT/USD,22.68,22.681,11-06-21 6:39:21
DOT/USD,22.68,22.681,11-06-21 6:39:11
DOT/USD,22.68,22.682,11-06-21 6:39:01
DOT/USD,22.68,22.683,11-06-21 6:38:51
DOT/USD,22.68,22.685,11-06-21 6:38:41
DOT/USD,22.68,22.688,11-06-21 6:38:31
DOT/USD,22.68,22.688,11-06-21 6:38:21
DOT/USD,22.68,22.69,11-06-21 6:38:11
DOT/USD,22.68,22.683,11-06-21 6:38:00
DOT/USD,22.68,22.683,11-06-21 6:37:50
DOT/USD,22.68,22.687,11-06-21 6:37:41
DOT/USD,22.68,22.684,11-06-21 6:37:31
DOT/USD,22.68,22.685,11-06-21 6:37:21
DOT/USD,22.68,22.686,11-06-21 6:37:11
DOT/USD,22.68,22.686,11-06-21 6:37:01
DOT/USD,22.68,22.686,11-06-21 6:36:51
DOT/USD,22.68,22.688,11-06-21 6:36:40
DOT/USD,22.68,22.691,11-06-21 6:36:30
DOT/USD,22.68,22.691,11-06-21 6:36:21
DOT/USD,22.676,22.692,11-06-21 6:36:11
DOT/USD,22.683,22.685,11-06-21 6:36:01
DOT/USD,22.683,22.689,11-06-21 6:35:51
DOT/USD,22.683,22.689,11-06-21 6:35:41
DOT/USD,22.683,22.689,11-06-21 6:35:31
DOT/USD,22.683,22.693,11-06-21 6:35:20
DOT/USD,22.683,22.694,11-06-21 6:35:11
DOT/USD,22.683,22.694,11-06-21 6:35:01
DOT/USD,22.68,22.69,11-06-21 6:34:51
DOT/USD,22.68,22.69,11-06-21 6:34:41
DOT/USD,22.68,22.688,11-06-21 6:34:31
DOT/USD,22.68,22.695,11-06-21 6:34:21
DOT/USD,22.68,22.692,11-06-21 6:34:11
DOT/USD,22.677,22.694,11-06-21 6:34:01
DOT/USD,22.675,22.694,11-06-21 6:33:51
DOT/USD,22.673,22.684,11-06-21 6:33:41
DOT/USD,22.673,22.686,11-06-21 6:33:31
DOT/USD,22.673,22.686,11-06-21 6:33:21
DOT/USD,22.673,22.695,11-06-21 6:33:11
DOT/USD,22.673,22.693,11-06-21 6:33:01
DOT/USD,22.672,22.699,11-06-21 6:32:51
DOT/USD,22.687,22.704,11-06-21 6:32:41
DOT/USD,22.671,22.692,11-06-21 6:32:31
DOT/USD,22.658,22.685,11-06-21 6:32:21
DOT/USD,22.651,22.66,11-06-21 6:32:11
DOT/USD,22.651,22.669,11-06-21 6:32:01
DOT/USD,22.649,22.669,11-06-21 6:31:51
DOT/USD,22.644,22.659,11-06-21 6:31:41
DOT/USD,22.631,22.649,11-06-21 6:31:31
DOT/USD,22.631,22.648,11-06-21 6:31:20
DOT/USD,22.631,22.647,11-06-21 6:31:11
DOT/USD,22.631,22.644,11-06-21 6:31:01
DOT/USD,22.63,22.644,11-06-21 6:30:51
DOT/USD,22.621,22.642,11-06-21 6:30:41
DOT/USD,22.619,22.643,11-06-21 6:30:31
DOT/USD,22.605,22.626,11-06-21 6:30:21
DOT/USD,22.605,22.627,11-06-21 6:30:11
DOT/USD,22.612,22.635,11-06-21 6:30:01
DOT/USD,22.612,22.635,11-06-21 6:29:51
DOT/USD,22.605,22.635,11-06-21 6:29:41
DOT/USD,22.615,22.637,11-06-21 6:29:31
DOT/USD,22.615,22.636,11-06-21 6:29:20
DOT/USD,22.615,22.637,11-06-21 6:29:11
DOT/USD,22.596,22.613,11-06-21 6:29:01
DOT/USD,22.59,22.609,11-06-21 6:28:51
DOT/USD,22.59,22.609,11-06-21 6:28:41
DOT/USD,22.589,22.611,11-06-21 6:28:30
DOT/USD,22.589,22.611,11-06-21 6:28:21
DOT/USD,22.574,22.592,11-06-21 6:28:11
DOT/USD,22.573,22.592,11-06-21 6:28:01
DOT/USD,22.568,22.591,11-06-21 6:27:51
DOT/USD,22.577,22.597,11-06-21 6:27:41
DOT/USD,22.607,22.622,11-06-21 6:27:31
DOT/USD,22.604,22.63,11-06-21 6:27:21
DOT/USD,22.621,22.636,11-06-21 6:27:11
DOT/USD,22.621,22.636,11-06-21 6:27:01
DOT/USD,22.622,22.637,11-06-21 6:26:51
DOT/USD,22.62,22.637,11-06-21 6:26:41
DOT/USD,22.617,22.638,11-06-21 6:26:31
DOT/USD,22.627,22.648,11-06-21 6:26:21
DOT/USD,22.635,22.659,11-06-21 6:26:11
DOT/USD,22.652,22.674,11-06-21 6:26:01
DOT/USD,22.642,22.664,11-06-21 6:25:51
DOT/USD,22.625,22.643,11-06-21 6:25:41
DOT/USD,22.619,22.639,11-06-21 6:25:31
DOT/USD,22.617,22.642,11-06-21 6:25:21
DOT/USD,22.608,22.629,11-06-21 6:25:11
DOT/USD,22.602,22.622,11-06-21 6:25:01
DOT/USD,22.596,22.618,11-06-21 6:24:51
DOT/USD,22.6,22.622,11-06-21 6:24:41
DOT/USD,22.602,22.622,11-06-21 6:24:31
DOT/USD,22.619,22.64,11-06-21 6:24:21
DOT/USD,22.601,22.621,11-06-21 6:24:11
DOT/USD,22.602,22.624,11-06-21 6:24:01
DOT/USD,22.595,22.619,11-06-21 6:23:51
DOT/USD,22.588,22.615,11-06-21 6:23:41
DOT/USD,22.583,22.586,11-06-21 6:23:30
DOT/USD,22.579,22.586,11-06-21 6:23:21
DOT/USD,22.562,22.586,11-06-21 6:23:11
DOT/USD,22.581,22.591,11-06-21 6:23:01
DOT/USD,22.599,22.617,11-06-21 6:22:51
DOT/USD,22.603,22.621,11-06-21 6:22:41
DOT/USD,22.612,22.631,11-06-21 6:22:31
DOT/USD,22.61,22.624,11-06-21 6:22:21
DOT/USD,22.605,22.624,11-06-21 6:22:11
DOT/USD,22.58,22.595,11-06-21 6:22:01
DOT/USD,22.585,22.597,11-06-21 6:21:51
DOT/USD,22.592,22.606,11-06-21 6:21:41
DOT/USD,22.599,22.615,11-06-21 6:21:30
DOT/USD,22.615,22.628,11-06-21 6:21:21
DOT/USD,22.623,22.638,11-06-21 6:21:11
DOT/USD,22.623,22.64,11-06-21 6:21:01
DOT/USD,22.619,22.632,11-06-21 6:20:51
DOT/USD,22.619,22.632,11-06-21 6:20:41
DOT/USD,22.62,22.632,11-06-21 6:20:31
DOT/USD,22.602,22.615,11-06-21 6:20:21
DOT/USD,22.635,22.654,11-06-21 6:20:11
DOT/USD,22.657,22.672,11-06-21 6:20:01
DOT/USD,22.659,22.674,11-06-21 6:19:51
DOT/USD,22.658,22.679,11-06-21 6:19:41
DOT/USD,22.656,22.672,11-06-21 6:19:31
DOT/USD,22.669,22.687,11-06-21 6:19:21
DOT/USD,22.674,22.69,11-06-21 6:19:11
DOT/USD,22.668,22.689,11-06-21 6:19:01
DOT/USD,22.656,22.68,11-06-21 6:18:51
DOT/USD,22.655,22.682,11-06-21 6:18:41
DOT/USD,22.656,22.679,11-06-21 6:18:31
DOT/USD,22.654,22.678,11-06-21 6:18:21
DOT/USD,22.649,22.673,11-06-21 6:18:11
DOT/USD,22.654,22.686,11-06-21 6:18:01
DOT/USD,22.678,22.71,11-06-21 6:17:51
DOT/USD,22.654,22.689,11-06-21 6:17:41
DOT/USD,22.664,22.689,11-06-21 6:17:31
DOT/USD,22.658,22.686,11-06-21 6:17:21
DOT/USD,22.631,22.655,11-06-21 6:17:11
DOT/USD,22.616,22.653,11-06-21 6:17:01
DOT/USD,22.625,22.664,11-06-21 6:16:51
DOT/USD,22.664,22.671,11-06-21 6:16:41
DOT/USD,22.668,22.677,11-06-21 6:16:31
DOT/USD,22.68,22.689,11-06-21 6:16:21
DOT/USD,22.691,22.704,11-06-21 6:16:11
DOT/USD,22.704,22.727,11-06-21 6:16:01
DOT/USD,22.714,22.733,11-06-21 6:15:51
DOT/USD,22.738,22.753,11-06-21 6:15:41
DOT/USD,22.749,22.766,11-06-21 6:15:30
DOT/USD,22.745,22.766,11-06-21 6:15:21
DOT/USD,22.741,22.764,11-06-21 6:15:11
DOT/USD,22.746,22.764,11-06-21 6:15:01
DOT/USD,22.75,22.771,11-06-21 6:14:51
DOT/USD,22.762,22.783,11-06-21 6:14:41
DOT/USD,22.768,22.787,11-06-21 6:14:30
DOT/USD,22.771,22.792,11-06-21 6:14:21
DOT/USD,22.77,22.791,11-06-21 6:14:11
DOT/USD,22.762,22.783,11-06-21 6:14:01
DOT/USD,22.764,22.782,11-06-21 6:13:51
DOT/USD,22.762,22.783,11-06-21 6:13:41
DOT/USD,22.773,22.789,11-06-21 6:13:31
DOT/USD,22.777,22.793,11-06-21 6:13:21
DOT/USD,22.78,22.792,11-06-21 6:13:10
DOT/USD,22.776,22.789,11-06-21 6:13:01
DOT/USD,22.776,22.796,11-06-21 6:12:50
DOT/USD,22.776,22.796,11-06-21 6:12:40
DOT/USD,22.789,22.803,11-06-21 6:12:31
DOT/USD,22.786,22.803,11-06-21 6:12:21
DOT/USD,22.783,22.808,11-06-21 6:12:11
DOT/USD,22.797,22.81,11-06-21 6:12:01
DOT/USD,22.793,22.812,11-06-21 6:11:51
DOT/USD,22.793,22.814,11-06-21 6:11:41
DOT/USD,22.793,22.815,11-06-21 6:11:31
DOT/USD,22.805,22.822,11-06-21 6:11:21
DOT/USD,22.794,22.816,11-06-21 6:11:11
DOT/USD,22.783,22.804,11-06-21 6:11:01
DOT/USD,22.768,22.798,11-06-21 6:10:51
DOT/USD,22.784,22.811,11-06-21 6:10:41
DOT/USD,22.789,22.813,11-06-21 6:10:30
DOT/USD,22.772,22.801,11-06-21 6:10:21
DOT/USD,22.775,22.803,11-06-21 6:10:11
DOT/USD,22.743,22.773,11-06-21 6:10:01
DOT/USD,22.751,22.782,11-06-21 6:09:51
DOT/USD,22.77,22.802,11-06-21 6:09:41
DOT/USD,22.798,22.824,11-06-21 6:09:31
DOT/USD,22.808,22.833,11-06-21 6:09:21
DOT/USD,22.781,22.813,11-06-21 6:09:11
DOT/USD,22.773,22.783,11-06-21 6:09:01
DOT/USD,22.766,22.775,11-06-21 6:08:51
DOT/USD,22.756,22.774,11-06-21 6:08:41
DOT/USD,22.756,22.772,11-06-21 6:08:31
DOT/USD,22.754,22.776,11-06-21 6:08:21
DOT/USD,22.765,22.778,11-06-21 6:08:11
DOT/USD,22.774,22.789,11-06-21 6:08:01
DOT/USD,22.758,22.772,11-06-21 6:07:51
DOT/USD,22.74,22.771,11-06-21 6:07:41
DOT/USD,22.748,22.772,11-06-21 6:07:31
DOT/USD,22.782,22.784,11-06-21 6:07:21
DOT/USD,22.782,22.783,11-06-21 6:07:11
DOT/USD,22.782,22.792,11-06-21 6:07:01
DOT/USD,22.773,22.794,11-06-21 6:06:51
DOT/USD,22.747,22.763,11-06-21 6:06:41
DOT/USD,22.734,22.754,11-06-21 6:06:31
DOT/USD,22.735,22.754,11-06-21 6:06:21
DOT/USD,22.716,22.726,11-06-21 6:06:11
DOT/USD,22.699,22.719,11-06-21 6:06:01
DOT/USD,22.687,22.712,11-06-21 6:05:51
DOT/USD,22.715,22.728,11-06-21 6:05:41
DOT/USD,22.715,22.723,11-06-21 6:05:31
DOT/USD,22.715,22.728,11-06-21 6:05:21
DOT/USD,22.727,22.739,11-06-21 6:05:11
DOT/USD,22.724,22.742,11-06-21 6:05:01
DOT/USD,22.727,22.75,11-06-21 6:04:51
DOT/USD,22.696,22.722,11-06-21 6:04:41
DOT/USD,22.689,22.704,11-06-21 6:04:31
DOT/USD,22.707,22.726,11-06-21 6:04:21
DOT/USD,22.718,22.739,11-06-21 6:04:11
DOT/USD,22.708,22.73,11-06-21 6:04:01
DOT/USD,22.7,22.737,11-06-21 6:03:51
DOT/USD,22.687,22.716,11-06-21 6:03:41
DOT/USD,22.726,22.763,11-06-21 6:03:31
DOT/USD,22.723,22.748,11-06-21 6:03:21
DOT/USD,22.678,22.696,11-06-21 6:03:11
DOT/USD,22.711,22.722,11-06-21 6:03:01
DOT/USD,22.711,22.722,11-06-21 6:02:51
DOT/USD,22.691,22.715,11-06-21 6:02:41
DOT/USD,22.677,22.716,11-06-21 6:02:31
DOT/USD,22.697,22.713,11-06-21 6:02:21
DOT/USD,22.718,22.733,11-06-21 6:02:11
DOT/USD,22.73,22.747,11-06-21 6:02:01
DOT/USD,22.711,22.744,11-06-21 6:01:51
DOT/USD,22.741,22.757,11-06-21 6:01:41
DOT/USD,22.777,22.787,11-06-21 6:01:31
DOT/USD,22.777,22.787,11-06-21 6:01:21
DOT/USD,22.777,22.799,11-06-21 6:01:11
DOT/USD,22.791,22.805,11-06-21 6:01:01
DOT/USD,22.791,22.808,11-06-21 6:00:51
DOT/USD,22.791,22.805,11-06-21 6:00:41
DOT/USD,22.791,22.809,11-06-21 6:00:31
DOT/USD,22.788,22.817,11-06-21 6:00:21
DOT/USD,22.809,22.83,11-06-21 6:00:11
DOT/USD,22.782,22.804,11-06-21 6:00:01
DOT/USD,22.771,22.797,11-06-21 5:59:51
DOT/USD,22.781,22.798,11-06-21 5:59:41
DOT/USD,22.794,22.814,11-06-21 5:59:31
DOT/USD,22.786,22.807,11-06-21 5:59:21
DOT/USD,22.795,22.813,11-06-21 5:59:11
DOT/USD,22.809,22.827,11-06-21 5:59:01
DOT/USD,22.818,22.833,11-06-21 5:58:51
DOT/USD,22.843,22.848,11-06-21 5:58:41
DOT/USD,22.843,22.853,11-06-21 5:58:31
DOT/USD,22.843,22.853,11-06-21 5:58:21
DOT/USD,22.843,22.848,11-06-21 5:58:11
DOT/USD,22.843,22.846,11-06-21 5:58:01
DOT/USD,22.843,22.846,11-06-21 5:57:51
DOT/USD,22.845,22.862,11-06-21 5:57:41
DOT/USD,22.843,22.859,11-06-21 5:57:31
DOT/USD,22.843,22.862,11-06-21 5:57:21
DOT/USD,22.843,22.862,11-06-21 5:57:11
DOT/USD,22.843,22.844,11-06-21 5:57:01
DOT/USD,22.843,22.844,11-06-21 5:56:51
DOT/USD,22.843,22.847,11-06-21 5:56:41
DOT/USD,22.843,22.851,11-06-21 5:56:31
DOT/USD,22.843,22.852,11-06-21 5:56:21
DOT/USD,22.843,22.857,11-06-21 5:56:11
DOT/USD,22.852,22.869,11-06-21 5:56:01
DOT/USD,22.854,22.87,11-06-21 5:55:50
DOT/USD,22.856,22.871,11-06-21 5:55:41
DOT/USD,22.854,22.871,11-06-21 5:55:31
DOT/USD,22.851,22.869,11-06-21 5:55:20
DOT/USD,22.852,22.869,11-06-21 5:55:11
DOT/USD,22.847,22.862,11-06-21 5:55:01
DOT/USD,22.847,22.863,11-06-21 5:54:51
DOT/USD,22.846,22.863,11-06-21 5:54:41
DOT/USD,22.849,22.863,11-06-21 5:54:31
DOT/USD,22.852,22.869,11-06-21 5:54:21
DOT/USD,22.854,22.873,11-06-21 5:54:11
DOT/USD,22.846,22.86,11-06-21 5:54:01
DOT/USD,22.843,22.868,11-06-21 5:53:51
DOT/USD,22.851,22.873,11-06-21 5:53:41
DOT/USD,22.843,22.862,11-06-21 5:53:31
DOT/USD,22.843,22.863,11-06-21 5:53:21
DOT/USD,22.851,22.871,11-06-21 5:53:11
DOT/USD,22.872,22.893,11-06-21 5:53:01
DOT/USD,22.872,22.893,11-06-21 5:52:51
DOT/USD,22.876,22.9,11-06-21 5:52:41
DOT/USD,22.884,22.9,11-06-21 5:52:31
DOT/USD,22.887,22.907,11-06-21 5:52:21
DOT/USD,22.891,22.909,11-06-21 5:52:11
DOT/USD,22.884,22.907,11-06-21 5:52:01
DOT/USD,22.894,22.919,11-06-21 5:51:51
DOT/USD,22.904,22.923,11-06-21 5:51:41
DOT/USD,22.906,22.928,11-06-21 5:51:31
DOT/USD,22.89,22.91,11-06-21 5:51:21
DOT/USD,22.895,22.911,11-06-21 5:51:11
DOT/USD,22.883,22.895,11-06-21 5:51:01
DOT/USD,22.884,22.898,11-06-21 5:50:51
DOT/USD,22.879,22.904,11-06-21 5:50:41
DOT/USD,22.889,22.909,11-06-21 5:50:31
DOT/USD,22.903,22.926,11-06-21 5:50:21
DOT/USD,22.932,22.95,11-06-21 5:50:11
DOT/USD,22.924,22.945,11-06-21 5:50:01
DOT/USD,22.937,22.952,11-06-21 5:49:51
DOT/USD,22.945,22.963,11-06-21 5:49:41
DOT/USD,22.945,22.964,11-06-21 5:49:31
DOT/USD,22.938,22.954,11-06-21 5:49:21
DOT/USD,22.938,22.952,11-06-21 5:49:11
DOT/USD,22.919,22.934,11-06-21 5:49:01
DOT/USD,22.922,22.942,11-06-21 5:48:51
DOT/USD,22.925,22.942,11-06-21 5:48:41
DOT/USD,22.923,22.928,11-06-21 5:48:30
DOT/USD,22.912,22.927,11-06-21 5:48:21
DOT/USD,22.917,22.933,11-06-21 5:48:11
DOT/USD,22.916,22.933,11-06-21 5:48:01
DOT/USD,22.909,22.933,11-06-21 5:47:51
DOT/USD,22.929,22.946,11-06-21 5:47:41
DOT/USD,22.929,22.953,11-06-21 5:47:31
DOT/USD,22.933,22.955,11-06-21 5:47:21
DOT/USD,22.93,22.949,11-06-21 5:47:11
DOT/USD,22.949,22.964,11-06-21 5:47:01
DOT/USD,22.949,22.964,11-06-21 5:46:50
DOT/USD,22.95,22.964,11-06-21 5:46:41
DOT/USD,22.938,22.958,11-06-21 5:46:30
DOT/USD,22.936,22.958,11-06-21 5:46:21
DOT/USD,22.936,22.957,11-06-21 5:46:11
DOT/USD,22.954,22.969,11-06-21 5:46:01
DOT/USD,22.942,22.961,11-06-21 5:45:51
DOT/USD,22.932,22.952,11-06-21 5:45:41
DOT/USD,22.932,22.952,11-06-21 5:45:31
DOT/USD,22.922,22.941,11-06-21 5:45:21
DOT/USD,22.919,22.94,11-06-21 5:45:11
DOT/USD,22.913,22.926,11-06-21 5:45:01
DOT/USD,22.912,22.925,11-06-21 5:44:51
DOT/USD,22.907,22.925,11-06-21 5:44:41
DOT/USD,22.92,22.941,11-06-21 5:44:31
DOT/USD,22.938,22.959,11-06-21 5:44:21
DOT/USD,22.938,22.962,11-06-21 5:44:11
DOT/USD,22.963,22.986,11-06-21 5:44:01
DOT/USD,22.963,22.987,11-06-21 5:43:51
DOT/USD,22.955,22.98,11-06-21 5:43:41
DOT/USD,22.955,22.98,11-06-21 5:43:31
DOT/USD,22.964,22.987,11-06-21 5:43:21
DOT/USD,22.966,22.98,11-06-21 5:43:11
DOT/USD,22.991,23.008,11-06-21 5:43:01
DOT/USD,22.99,23.005,11-06-21 5:42:51
DOT/USD,22.981,22.999,11-06-21 5:42:41
DOT/USD,22.982,22.993,11-06-21 5:42:31
DOT/USD,22.982,22.998,11-06-21 5:42:21
DOT/USD,22.975,22.979,11-06-21 5:42:11
DOT/USD,22.973,22.982,11-06-21 5:42:01
DOT/USD,22.973,22.984,11-06-21 5:41:51
DOT/USD,22.973,22.985,11-06-21 5:41:40
DOT/USD,22.972,22.987,11-06-21 5:41:31
DOT/USD,22.968,22.98,11-06-21 5:41:21
DOT/USD,22.977,22.989,11-06-21 5:41:11
DOT/USD,22.975,22.987,11-06-21 5:41:01
DOT/USD,22.973,22.991,11-06-21 5:40:51
DOT/USD,22.969,22.989,11-06-21 5:40:41
DOT/USD,22.971,22.99,11-06-21 5:40:31
DOT/USD,22.963,22.984,11-06-21 5:40:21
DOT/USD,22.965,22.983,11-06-21 5:40:11
DOT/USD,22.957,22.977,11-06-21 5:40:01
DOT/USD,22.949,22.97,11-06-21 5:39:51
DOT/USD,22.949,22.968,11-06-21 5:39:41
DOT/USD,22.958,22.983,11-06-21 5:39:30
DOT/USD,22.949,22.97,11-06-21 5:39:21
DOT/USD,22.944,22.976,11-06-21 5:39:11
DOT/USD,22.977,22.997,11-06-21 5:39:01
DOT/USD,22.95,22.973,11-06-21 5:38:51
DOT/USD,22.947,22.969,11-06-21 5:38:41
DOT/USD,22.947,22.966,11-06-21 5:38:31
DOT/USD,22.961,22.984,11-06-21 5:38:21
DOT/USD,22.948,22.974,11-06-21 5:38:11
DOT/USD,22.961,22.99,11-06-21 5:38:01
DOT/USD,22.977,22.998,11-06-21 5:37:51
DOT/USD,22.977,22.982,11-06-21 5:37:41
DOT/USD,22.961,22.964,11-06-21 5:37:31
DOT/USD,22.965,22.976,11-06-21 5:37:21
DOT/USD,22.965,22.973,11-06-21 5:37:10
DOT/USD,22.941,22.945,11-06-21 5:37:01
DOT/USD,22.927,22.932,11-06-21 5:36:51
DOT/USD,22.931,22.938,11-06-21 5:36:41
DOT/USD,22.925,22.935,11-06-21 5:36:31
DOT/USD,22.915,22.935,11-06-21 5:36:21
DOT/USD,22.908,22.927,11-06-21 5:36:11
DOT/USD,22.904,22.919,11-06-21 5:36:01
DOT/USD,22.882,22.894,11-06-21 5:35:51
DOT/USD,22.883,22.906,11-06-21 5:35:41
DOT/USD,22.857,22.884,11-06-21 5:35:31
DOT/USD,22.871,22.895,11-06-21 5:35:21
DOT/USD,22.892,22.911,11-06-21 5:35:11
DOT/USD,22.88,22.899,11-06-21 5:35:01
DOT/USD,22.88,22.899,11-06-21 5:34:51
DOT/USD,22.865,22.896,11-06-21 5:34:41
DOT/USD,22.871,22.896,11-06-21 5:34:31
DOT/USD,22.891,22.91,11-06-21 5:34:21
DOT/USD,22.899,22.904,11-06-21 5:34:11
DOT/USD,22.879,22.901,11-06-21 5:34:01
DOT/USD,22.886,22.904,11-06-21 5:33:51
DOT/USD,22.878,22.898,11-06-21 5:33:41
DOT/USD,22.874,22.899,11-06-21 5:33:31
DOT/USD,22.88,22.899,11-06-21 5:33:21
DOT/USD,22.882,22.901,11-06-21 5:33:11
DOT/USD,22.892,22.911,11-06-21 5:33:01
DOT/USD,22.891,22.906,11-06-21 5:32:51
DOT/USD,22.877,22.891,11-06-21 5:32:41
DOT/USD,22.882,22.893,11-06-21 5:32:31
DOT/USD,22.901,22.905,11-06-21 5:32:21
DOT/USD,22.901,22.906,11-06-21 5:32:11
DOT/USD,22.916,22.922,11-06-21 5:32:01
DOT/USD,22.916,22.933,11-06-21 5:31:51
DOT/USD,22.916,22.934,11-06-21 5:31:41
DOT/USD,22.914,22.934,11-06-21 5:31:31
DOT/USD,22.936,22.946,11-06-21 5:31:20
DOT/USD,22.933,22.948,11-06-21 5:31:11
DOT/USD,22.931,22.948,11-06-21 5:31:01
DOT/USD,22.924,22.933,11-06-21 5:30:51
DOT/USD,22.913,22.924,11-06-21 5:30:41
DOT/USD,22.913,22.932,11-06-21 5:30:31
DOT/USD,22.917,22.934,11-06-21 5:30:21
DOT/USD,22.912,22.93,11-06-21 5:30:11
DOT/USD,22.906,22.926,11-06-21 5:30:01
DOT/USD,22.907,22.929,11-06-21 5:29:51
DOT/USD,22.902,22.926,11-06-21 5:29:40
DOT/USD,22.902,22.929,11-06-21 5:29:31
DOT/USD,22.902,22.922,11-06-21 5:29:20
DOT/USD,22.904,22.928,11-06-21 5:29:11
DOT/USD,22.901,22.915,11-06-21 5:29:01
DOT/USD,22.901,22.917,11-06-21 5:28:51
DOT/USD,22.916,22.945,11-06-21 5:28:41
DOT/USD,22.914,22.945,11-06-21 5:28:31
DOT/USD,22.945,22.948,11-06-21 5:28:21
DOT/USD,22.944,22.948,11-06-21 5:28:11
DOT/USD,22.927,22.948,11-06-21 5:28:01
DOT/USD,22.927,22.947,11-06-21 5:27:51
DOT/USD,22.911,22.93,11-06-21 5:27:41
DOT/USD,22.949,22.967,11-06-21 5:27:31
DOT/USD,22.956,22.963,11-06-21 5:27:21
DOT/USD,22.955,22.964,11-06-21 5:27:11
DOT/USD,22.961,22.976,11-06-21 5:27:01
DOT/USD,22.966,22.983,11-06-21 5:26:51
DOT/USD,22.976,22.996,11-06-21 5:26:41
DOT/USD,22.98,23.002,11-06-21 5:26:31
DOT/USD,22.984,22.998,11-06-21 5:26:21
DOT/USD,22.976,22.995,11-06-21 5:26:10
DOT/USD,22.976,22.995,11-06-21 5:26:01
DOT/USD,22.976,22.995,11-06-21 5:25:51
DOT/USD,23.005,23.007,11-06-21 5:25:41
DOT/USD,23.003,23.015,11-06-21 5:25:31
DOT/USD,23.012,23.02,11-06-21 5:25:21
DOT/USD,23.001,23.021,11-06-21 5:25:11
DOT/USD,22.997,23.003,11-06-21 5:25:01
DOT/USD,23.011,23.025,11-06-21 5:24:51
DOT/USD,23.011,23.026,11-06-21 5:24:41
DOT/USD,23.009,23.026,11-06-21 5:24:31
DOT/USD,23.014,23.033,11-06-21 5:24:20
DOT/USD,23.001,23.025,11-06-21 5:24:11
DOT/USD,23,23.019,11-06-21 5:24:01
DOT/USD,23.007,23.028,11-06-21 5:23:51
DOT/USD,23.011,23.032,11-06-21 5:23:41
DOT/USD,23.028,23.052,11-06-21 5:23:31
DOT/USD,23.015,23.037,11-06-21 5:23:21
DOT/USD,23.008,23.029,11-06-21 5:23:11
DOT/USD,23.01,23.033,11-06-21 5:23:01
DOT/USD,23.01,23.033,11-06-21 5:22:51
DOT/USD,23.01,23.034,11-06-21 5:22:41
DOT/USD,23.01,23.032,11-06-21 5:22:31
DOT/USD,23.022,23.045,11-06-21 5:22:21
DOT/USD,23.026,23.046,11-06-21 5:22:11
DOT/USD,23.023,23.046,11-06-21 5:22:01
DOT/USD,23.024,23.045,11-06-21 5:21:51
DOT/USD,23.025,23.047,11-06-21 5:21:41
DOT/USD,23.036,23.053,11-06-21 5:21:31
DOT/USD,23.035,23.053,11-06-21 5:21:21
DOT/USD,23.033,23.054,11-06-21 5:21:11
DOT/USD,23.039,23.058,11-06-21 5:21:01
DOT/USD,23.039,23.059,11-06-21 5:20:51
DOT/USD,23.039,23.056,11-06-21 5:20:41
DOT/USD,23.028,23.049,11-06-21 5:20:31
DOT/USD,23.035,23.051,11-06-21 5:20:21
DOT/USD,23.039,23.051,11-06-21 5:20:11
DOT/USD,23.039,23.053,11-06-21 5:20:01
DOT/USD,23.035,23.053,11-06-21 5:19:51
DOT/USD,23.04,23.057,11-06-21 5:19:41
DOT/USD,23.047,23.052,11-06-21 5:19:31
DOT/USD,23.026,23.049,11-06-21 5:19:21
DOT/USD,23.033,23.043,11-06-21 5:19:11
DOT/USD,23.036,23.048,11-06-21 5:19:01
DOT/USD,23.037,23.049,11-06-21 5:18:51
DOT/USD,23.03,23.045,11-06-21 5:18:41
DOT/USD,23.019,23.035,11-06-21 5:18:31
DOT/USD,23.028,23.038,11-06-21 5:18:21
DOT/USD,23.03,23.041,11-06-21 5:18:11
DOT/USD,23.021,23.034,11-06-21 5:18:01
DOT/USD,23.018,23.041,11-06-21 5:17:51
DOT/USD,23.025,23.047,11-06-21 5:17:41
DOT/USD,23.021,23.047,11-06-21 5:17:31
DOT/USD,23.025,23.053,11-06-21 5:17:21
DOT/USD,23.038,23.06,11-06-21 5:17:11
DOT/USD,23.034,23.062,11-06-21 5:17:01
DOT/USD,23.042,23.062,11-06-21 5:16:51
DOT/USD,23.035,23.062,11-06-21 5:16:41
DOT/USD,23.023,23.055,11-06-21 5:16:31
DOT/USD,23.032,23.054,11-06-21 5:16:21
DOT/USD,22.999,23.016,11-06-21 5:16:11
DOT/USD,22.991,23.016,11-06-21 5:16:01
DOT/USD,23.008,23.032,11-06-21 5:15:51
DOT/USD,23.019,23.039,11-06-21 5:15:41
DOT/USD,23.04,23.058,11-06-21 5:15:31
DOT/USD,23.049,23.073,11-06-21 5:15:21
DOT/USD,23.06,23.079,11-06-21 5:15:11
DOT/USD,23.062,23.082,11-06-21 5:15:01
DOT/USD,23.064,23.081,11-06-21 5:14:51
DOT/USD,23.059,23.079,11-06-21 5:14:41
DOT/USD,23.065,23.084,11-06-21 5:14:31
DOT/USD,23.06,23.085,11-06-21 5:14:21
DOT/USD,23.057,23.084,11-06-21 5:14:10
DOT/USD,23.064,23.087,11-06-21 5:14:01
DOT/USD,23.063,23.088,11-06-21 5:13:51
DOT/USD,23.078,23.1,11-06-21 5:13:41
DOT/USD,23.099,23.107,11-06-21 5:13:31
DOT/USD,23.099,23.105,11-06-21 5:13:21
DOT/USD,23.099,23.112,11-06-21 5:13:11
DOT/USD,23.099,23.102,11-06-21 5:13:01
DOT/USD,23.087,23.099,11-06-21 5:12:51
DOT/USD,23.084,23.096,11-06-21 5:12:40
DOT/USD,23.089,23.107,11-06-21 5:12:31
DOT/USD,23.089,23.11,11-06-21 5:12:21
DOT/USD,23.089,23.11,11-06-21 5:12:11
DOT/USD,23.094,23.113,11-06-21 5:12:01
DOT/USD,23.095,23.116,11-06-21 5:11:51
DOT/USD,23.096,23.116,11-06-21 5:11:41
DOT/USD,23.111,23.122,11-06-21 5:11:31
DOT/USD,23.111,23.127,11-06-21 5:11:21
DOT/USD,23.111,23.117,11-06-21 5:11:11
DOT/USD,23.111,23.131,11-06-21 5:11:01
DOT/USD,23.121,23.141,11-06-21 5:10:51
DOT/USD,23.122,23.142,11-06-21 5:10:41
DOT/USD,23.122,23.147,11-06-21 5:10:31
DOT/USD,23.124,23.144,11-06-21 5:10:21
DOT/USD,23.111,23.132,11-06-21 5:10:11
DOT/USD,23.127,23.149,11-06-21 5:10:01
DOT/USD,23.121,23.146,11-06-21 5:09:51
DOT/USD,23.111,23.128,11-06-21 5:09:41
DOT/USD,23.12,23.145,11-06-21 5:09:31
DOT/USD,23.13,23.156,11-06-21 5:09:21
DOT/USD,23.132,23.156,11-06-21 5:09:11
DOT/USD,23.144,23.175,11-06-21 5:09:01
DOT/USD,23.129,23.153,11-06-21 5:08:51
DOT/USD,23.111,23.127,11-06-21 5:08:41
DOT/USD,23.111,23.127,11-06-21 5:08:31
DOT/USD,23.111,23.134,11-06-21 5:08:21
DOT/USD,23.118,23.141,11-06-21 5:08:11
DOT/USD,23.167,23.176,11-06-21 5:08:01
DOT/USD,23.167,23.176,11-06-21 5:07:51
DOT/USD,23.167,23.184,11-06-21 5:07:41
DOT/USD,23.166,23.183,11-06-21 5:07:31
DOT/USD,23.161,23.171,11-06-21 5:07:20
DOT/USD,23.161,23.168,11-06-21 5:07:11
DOT/USD,23.161,23.171,11-06-21 5:07:01
DOT/USD,23.161,23.174,11-06-21 5:06:51
DOT/USD,23.161,23.188,11-06-21 5:06:41
DOT/USD,23.161,23.187,11-06-21 5:06:31
DOT/USD,23.161,23.185,11-06-21 5:06:21
DOT/USD,23.174,23.192,11-06-21 5:06:11
DOT/USD,23.173,23.195,11-06-21 5:06:01
DOT/USD,23.171,23.204,11-06-21 5:05:51
DOT/USD,23.168,23.194,11-06-21 5:05:41
DOT/USD,23.168,23.185,11-06-21 5:05:31
DOT/USD,23.111,23.131,11-06-21 5:05:21
DOT/USD,23.103,23.123,11-06-21 5:05:11
DOT/USD,23.103,23.122,11-06-21 5:05:01
DOT/USD,23.097,23.126,11-06-21 5:04:51
DOT/USD,23.118,23.126,11-06-21 5:04:41
DOT/USD,23.118,23.128,11-06-21 5:04:31
DOT/USD,23.118,23.135,11-06-21 5:04:21
DOT/USD,23.112,23.13,11-06-21 5:04:11
DOT/USD,23.131,23.143,11-06-21 5:04:01
DOT/USD,23.091,23.1,11-06-21 5:03:51
DOT/USD,23.084,23.1,11-06-21 5:03:41
DOT/USD,23.075,23.083,11-06-21 5:03:31
DOT/USD,23.066,23.082,11-06-21 5:03:21
DOT/USD,23.075,23.077,11-06-21 5:03:11
DOT/USD,23.075,23.077,11-06-21 5:03:01
DOT/USD,23.075,23.083,11-06-21 5:02:51
DOT/USD,23.075,23.083,11-06-21 5:02:41
DOT/USD,23.07,23.083,11-06-21 5:02:31
DOT/USD,23.06,23.081,11-06-21 5:02:21
DOT/USD,23.058,23.083,11-06-21 5:02:11
DOT/USD,23.07,23.083,11-06-21 5:02:01
DOT/USD,23.072,23.083,11-06-21 5:01:51
DOT/USD,23.041,23.059,11-06-21 5:01:41
DOT/USD,23.037,23.059,11-06-21 5:01:31
DOT/USD,23.021,23.036,11-06-21 5:01:21
DOT/USD,23.039,23.043,11-06-21 5:01:11
DOT/USD,23.039,23.057,11-06-21 5:01:01
DOT/USD,23.05,23.059,11-06-21 5:00:51
DOT/USD,23.05,23.057,11-06-21 5:00:41
DOT/USD,23.056,23.063,11-06-21 5:00:31
DOT/USD,23.056,23.064,11-06-21 5:00:21
DOT/USD,23.045,23.067,11-06-21 5:00:11
DOT/USD,23.035,23.052,11-06-21 5:00:01
DOT/USD,23.042,23.061,11-06-21 4:59:51
DOT/USD,23.043,23.058,11-06-21 4:59:41
DOT/USD,23.039,23.059,11-06-21 4:59:31
DOT/USD,23.033,23.047,11-06-21 4:59:21
DOT/USD,23.035,23.054,11-06-21 4:59:11
DOT/USD,23.03,23.053,11-06-21 4:59:01
DOT/USD,23.029,23.048,11-06-21 4:58:51
DOT/USD,23.032,23.048,11-06-21 4:58:41
DOT/USD,23.038,23.06,11-06-21 4:58:31
DOT/USD,23.034,23.053,11-06-21 4:58:20
DOT/USD,23.034,23.053,11-06-21 4:58:11
DOT/USD,23.049,23.072,11-06-21 4:58:01
DOT/USD,23.047,23.072,11-06-21 4:57:51
DOT/USD,23.054,23.072,11-06-21 4:57:41
DOT/USD,23.053,23.072,11-06-21 4:57:31
DOT/USD,23.054,23.072,11-06-21 4:57:21
DOT/USD,23.054,23.072,11-06-21 4:57:11
DOT/USD,23.057,23.078,11-06-21 4:57:01
DOT/USD,23.051,23.078,11-06-21 4:56:51
DOT/USD,23.05,23.078,11-06-21 4:56:41
DOT/USD,23.073,23.083,11-06-21 4:56:31
DOT/USD,23.072,23.083,11-06-21 4:56:21
DOT/USD,23.068,23.083,11-06-21 4:56:11
DOT/USD,23.071,23.083,11-06-21 4:56:01
DOT/USD,23.066,23.083,11-06-21 4:55:51
DOT/USD,23.073,23.083,11-06-21 4:55:41
DOT/USD,23.076,23.083,11-06-21 4:55:31
DOT/USD,23.073,23.083,11-06-21 4:55:21
DOT/USD,23.074,23.083,11-06-21 4:55:11
DOT/USD,23.061,23.075,11-06-21 4:55:01
DOT/USD,23.051,23.07,11-06-21 4:54:51
DOT/USD,23.058,23.071,11-06-21 4:54:41
DOT/USD,23.058,23.072,11-06-21 4:54:31
DOT/USD,23.064,23.074,11-06-21 4:54:21
DOT/USD,23.069,23.077,11-06-21 4:54:11
DOT/USD,23.073,23.083,11-06-21 4:54:01
DOT/USD,23.056,23.077,11-06-21 4:53:51
DOT/USD,23.056,23.077,11-06-21 4:53:41
DOT/USD,23.062,23.083,11-06-21 4:53:31
DOT/USD,23.036,23.054,11-06-21 4:53:21
DOT/USD,23.026,23.043,11-06-21 4:53:11
DOT/USD,23.007,23.023,11-06-21 4:53:01
DOT/USD,23,23.016,11-06-21 4:52:51
DOT/USD,23,23.017,11-06-21 4:52:41
DOT/USD,23.003,23.024,11-06-21 4:52:31
DOT/USD,23.004,23.025,11-06-21 4:52:21
DOT/USD,23.01,23.029,11-06-21 4:52:11
DOT/USD,23.018,23.035,11-06-21 4:52:01
DOT/USD,23.02,23.036,11-06-21 4:51:51
DOT/USD,23.018,23.037,11-06-21 4:51:41
DOT/USD,23.013,23.034,11-06-21 4:51:31
DOT/USD,23.015,23.032,11-06-21 4:51:21
DOT/USD,23.021,23.041,11-06-21 4:51:11
DOT/USD,23.016,23.04,11-06-21 4:51:01
DOT/USD,23.012,23.03,11-06-21 4:50:51
DOT/USD,23.006,23.023,11-06-21 4:50:41
DOT/USD,22.998,23.016,11-06-21 4:50:31
DOT/USD,22.993,23.016,11-06-21 4:50:21
DOT/USD,22.98,23.003,11-06-21 4:50:10
DOT/USD,22.98,22.994,11-06-21 4:50:01
DOT/USD,22.995,23.013,11-06-21 4:49:51
DOT/USD,22.995,23.014,11-06-21 4:49:41
DOT/USD,22.996,23.011,11-06-21 4:49:31
DOT/USD,22.997,23.015,11-06-21 4:49:21
DOT/USD,22.992,23.007,11-06-21 4:49:11
DOT/USD,23.013,23.022,11-06-21 4:49:01
DOT/USD,23.013,23.022,11-06-21 4:48:51
DOT/USD,23.013,23.02,11-06-21 4:48:41
DOT/USD,23.012,23.021,11-06-21 4:48:30
DOT/USD,23.011,23.016,11-06-21 4:48:21
DOT/USD,23.011,23.022,11-06-21 4:48:11
DOT/USD,23.011,23.02,11-06-21 4:48:01
DOT/USD,23.011,23.022,11-06-21 4:47:51
DOT/USD,23.011,23.025,11-06-21 4:47:41
DOT/USD,23.011,23.026,11-06-21 4:47:31
DOT/USD,23.011,23.024,11-06-21 4:47:21
DOT/USD,23.011,23.021,11-06-21 4:47:11
DOT/USD,23.004,23.022,11-06-21 4:47:01
DOT/USD,23.004,23.022,11-06-21 4:46:51
DOT/USD,23.015,23.029,11-06-21 4:46:41
DOT/USD,23.015,23.031,11-06-21 4:46:31
DOT/USD,23.019,23.034,11-06-21 4:46:21
DOT/USD,23.014,23.032,11-06-21 4:46:11
DOT/USD,22.998,23.015,11-06-21 4:46:01
DOT/USD,23.008,23.015,11-06-21 4:45:50
DOT/USD,23.008,23.022,11-06-21 4:45:41
DOT/USD,23.007,23.025,11-06-21 4:45:31
DOT/USD,23.014,23.024,11-06-21 4:45:21
DOT/USD,23.004,23.024,11-06-21 4:45:11
DOT/USD,23.01,23.025,11-06-21 4:45:01
DOT/USD,23.009,23.018,11-06-21 4:44:51
DOT/USD,23.009,23.018,11-06-21 4:44:41
DOT/USD,23.011,23.028,11-06-21 4:44:31
DOT/USD,23,23.012,11-06-21 4:44:21
DOT/USD,23,23.016,11-06-21 4:44:11
DOT/USD,23,23.016,11-06-21 4:44:01
DOT/USD,22.998,23.014,11-06-21 4:43:51
DOT/USD,23.003,23.013,11-06-21 4:43:41
DOT/USD,23.003,23.013,11-06-21 4:43:31
DOT/USD,23.003,23.022,11-06-21 4:43:21
DOT/USD,23.006,23.025,11-06-21 4:43:11
DOT/USD,22.997,23.015,11-06-21 4:43:01
DOT/USD,23.019,23.032,11-06-21 4:42:51
DOT/USD,23.018,23.038,11-06-21 4:42:41
DOT/USD,23.017,23.026,11-06-21 4:42:31
DOT/USD,23.017,23.035,11-06-21 4:42:21
DOT/USD,23.016,23.035,11-06-21 4:42:11
DOT/USD,23.029,23.037,11-06-21 4:42:01
DOT/USD,23.041,23.061,11-06-21 4:41:51
DOT/USD,23.036,23.052,11-06-21 4:41:41
DOT/USD,23.031,23.051,11-06-21 4:41:31
DOT/USD,23.057,23.061,11-06-21 4:41:20
DOT/USD,23.057,23.062,11-06-21 4:41:11
DOT/USD,23.058,23.068,11-06-21 4:41:01
DOT/USD,23.054,23.062,11-06-21 4:40:51
DOT/USD,23.048,23.053,11-06-21 4:40:41
DOT/USD,23.046,23.058,11-06-21 4:40:31
DOT/USD,23.058,23.066,11-06-21 4:40:21
DOT/USD,23.043,23.067,11-06-21 4:40:11
DOT/USD,23.051,23.061,11-06-21 4:40:01
DOT/USD,23.024,23.046,11-06-21 4:39:51
DOT/USD,23.033,23.049,11-06-21 4:39:41
DOT/USD,23.017,23.034,11-06-21 4:39:30
DOT/USD,23.002,23.018,11-06-21 4:39:21
DOT/USD,22.99,23.006,11-06-21 4:39:11
DOT/USD,23.015,23.024,11-06-21 4:39:01
DOT/USD,23.004,23.02,11-06-21 4:38:51
DOT/USD,23.015,23.027,11-06-21 4:38:41
DOT/USD,23.018,23.024,11-06-21 4:38:31
DOT/USD,23.018,23.033,11-06-21 4:38:21
DOT/USD,23.01,23.042,11-06-21 4:38:11
DOT/USD,22.995,23.014,11-06-21 4:38:01
DOT/USD,22.977,22.992,11-06-21 4:37:51
DOT/USD,22.969,22.981,11-06-21 4:37:41
DOT/USD,22.954,22.966,11-06-21 4:37:31
DOT/USD,22.954,22.968,11-06-21 4:37:21
DOT/USD,22.967,22.978,11-06-21 4:37:11
DOT/USD,22.966,22.983,11-06-21 4:37:01
DOT/USD,22.98,22.994,11-06-21 4:36:51
DOT/USD,22.98,22.994,11-06-21 4:36:41
DOT/USD,22.972,22.992,11-06-21 4:36:31
DOT/USD,22.965,22.976,11-06-21 4:36:21
DOT/USD,22.949,22.964,11-06-21 4:36:11
DOT/USD,22.943,22.959,11-06-21 4:36:01
DOT/USD,22.933,22.953,11-06-21 4:35:51
DOT/USD,22.932,22.953,11-06-21 4:35:40
DOT/USD,22.924,22.947,11-06-21 4:35:31
DOT/USD,22.915,22.932,11-06-21 4:35:21
DOT/USD,22.908,22.926,11-06-21 4:35:11
DOT/USD,22.914,22.93,11-06-21 4:35:01
DOT/USD,22.905,22.924,11-06-21 4:34:50
DOT/USD,22.911,22.928,11-06-21 4:34:41
DOT/USD,22.911,22.928,11-06-21 4:34:31
DOT/USD,22.906,22.927,11-06-21 4:34:21
DOT/USD,22.912,22.928,11-06-21 4:34:11
DOT/USD,22.894,22.903,11-06-21 4:34:01
DOT/USD,22.894,22.904,11-06-21 4:33:51
DOT/USD,22.892,22.903,11-06-21 4:33:41
DOT/USD,22.893,22.907,11-06-21 4:33:31
DOT/USD,22.89,22.906,11-06-21 4:33:21
DOT/USD,22.884,22.902,11-06-21 4:33:11
DOT/USD,22.894,22.909,11-06-21 4:33:01
DOT/USD,22.898,22.91,11-06-21 4:32:51
DOT/USD,22.898,22.914,11-06-21 4:32:41
DOT/USD,22.898,22.914,11-06-21 4:32:31
DOT/USD,22.895,22.911,11-06-21 4:32:21
DOT/USD,22.907,22.92,11-06-21 4:32:11
DOT/USD,22.907,22.923,11-06-21 4:32:01
DOT/USD,22.907,22.924,11-06-21 4:31:51
DOT/USD,22.912,22.927,11-06-21 4:31:41
DOT/USD,22.9,22.917,11-06-21 4:31:30
DOT/USD,22.894,22.911,11-06-21 4:31:21
DOT/USD,22.892,22.91,11-06-21 4:31:10
DOT/USD,22.904,22.925,11-06-21 4:31:01
DOT/USD,22.904,22.922,11-06-21 4:30:51
DOT/USD,22.897,22.909,11-06-21 4:30:41
DOT/USD,22.897,22.913,11-06-21 4:30:31
DOT/USD,22.903,22.919,11-06-21 4:30:21
DOT/USD,22.893,22.913,11-06-21 4:30:11
DOT/USD,22.881,22.903,11-06-21 4:30:01
DOT/USD,22.881,22.902,11-06-21 4:29:51
DOT/USD,22.881,22.902,11-06-21 4:29:41
DOT/USD,22.881,22.904,11-06-21 4:29:31
DOT/USD,22.891,22.911,11-06-21 4:29:21
DOT/USD,22.902,22.92,11-06-21 4:29:11
DOT/USD,22.907,22.922,11-06-21 4:29:01
DOT/USD,22.907,22.926,11-06-21 4:28:51
DOT/USD,22.907,22.93,11-06-21 4:28:41
DOT/USD,22.91,22.932,11-06-21 4:28:31
DOT/USD,22.89,22.912,11-06-21 4:28:21
DOT/USD,22.889,22.909,11-06-21 4:28:11
DOT/USD,22.876,22.897,11-06-21 4:28:01
DOT/USD,22.874,22.894,11-06-21 4:27:51
DOT/USD,22.873,22.889,11-06-21 4:27:41
DOT/USD,22.881,22.9,11-06-21 4:27:31
DOT/USD,22.876,22.897,11-06-21 4:27:21
DOT/USD,22.874,22.896,11-06-21 4:27:11
DOT/USD,22.899,22.918,11-06-21 4:27:01
DOT/USD,22.908,22.928,11-06-21 4:26:51
DOT/USD,22.905,22.924,11-06-21 4:26:41
DOT/USD,22.906,22.929,11-06-21 4:26:31
DOT/USD,22.92,22.935,11-06-21 4:26:21
DOT/USD,22.906,22.923,11-06-21 4:26:11
DOT/USD,22.904,22.926,11-06-21 4:26:01
DOT/USD,22.914,22.937,11-06-21 4:25:51
DOT/USD,22.912,22.931,11-06-21 4:25:41
DOT/USD,22.906,22.927,11-06-21 4:25:31
DOT/USD,22.896,22.923,11-06-21 4:25:21
DOT/USD,22.89,22.91,11-06-21 4:25:11
DOT/USD,22.888,22.904,11-06-21 4:25:01
DOT/USD,22.888,22.9,11-06-21 4:24:51
DOT/USD,22.875,22.901,11-06-21 4:24:41
DOT/USD,22.886,22.911,11-06-21 4:24:31
DOT/USD,22.878,22.904,11-06-21 4:24:21
DOT/USD,22.874,22.904,11-06-21 4:24:11
DOT/USD,22.887,22.904,11-06-21 4:24:01
DOT/USD,22.881,22.903,11-06-21 4:23:51
DOT/USD,22.882,22.902,11-06-21 4:23:41
DOT/USD,22.879,22.9,11-06-21 4:23:31
DOT/USD,22.877,22.904,11-06-21 4:23:21
DOT/USD,22.892,22.917,11-06-21 4:23:11
DOT/USD,22.87,22.89,11-06-21 4:23:01
DOT/USD,22.867,22.89,11-06-21 4:22:51
DOT/USD,22.862,22.89,11-06-21 4:22:41
DOT/USD,22.867,22.884,11-06-21 4:22:31
DOT/USD,22.888,22.908,11-06-21 4:22:20
DOT/USD,22.888,22.908,11-06-21 4:22:11
DOT/USD,22.889,22.91,11-06-21 4:22:01
DOT/USD,22.881,22.906,11-06-21 4:21:51
DOT/USD,22.885,22.91,11-06-21 4:21:41
DOT/USD,22.887,22.911,11-06-21 4:21:31
DOT/USD,22.869,22.895,11-06-21 4:21:21
DOT/USD,22.869,22.895,11-06-21 4:21:11
DOT/USD,22.866,22.892,11-06-21 4:21:01
DOT/USD,22.868,22.892,11-06-21 4:20:51
DOT/USD,22.855,22.881,11-06-21 4:20:41
DOT/USD,22.87,22.898,11-06-21 4:20:31
DOT/USD,22.878,22.898,11-06-21 4:20:21
DOT/USD,22.899,22.912,11-06-21 4:20:11
DOT/USD,22.926,22.942,11-06-21 4:20:01
DOT/USD,22.929,22.943,11-06-21 4:19:51
DOT/USD,22.941,22.949,11-06-21 4:19:41
DOT/USD,22.934,22.952,11-06-21 4:19:31
DOT/USD,22.934,22.956,11-06-21 4:19:21
DOT/USD,22.93,22.95,11-06-21 4:19:11
DOT/USD,22.946,22.965,11-06-21 4:19:01
DOT/USD,22.94,22.959,11-06-21 4:18:51
DOT/USD,22.942,22.966,11-06-21 4:18:41
DOT/USD,22.944,22.964,11-06-21 4:18:31
DOT/USD,22.939,22.961,11-06-21 4:18:21
DOT/USD,22.932,22.95,11-06-21 4:18:11
DOT/USD,22.931,22.947,11-06-21 4:18:01
DOT/USD,22.932,22.957,11-06-21 4:17:51
DOT/USD,22.935,22.956,11-06-21 4:17:41
DOT/USD,22.942,22.967,11-06-21 4:17:31
DOT/USD,22.942,22.967,11-06-21 4:17:21
DOT/USD,22.94,22.964,11-06-21 4:17:11
DOT/USD,22.922,22.953,11-06-21 4:17:01
DOT/USD,22.929,22.953,11-06-21 4:16:51
DOT/USD,22.939,22.96,11-06-21 4:16:41
DOT/USD,22.946,22.974,11-06-21 4:16:31
DOT/USD,22.937,22.962,11-06-21 4:16:21
DOT/USD,22.917,22.949,11-06-21 4:16:11
DOT/USD,23.013,23.031,11-06-21 4:16:01
DOT/USD,23.025,23.048,11-06-21 4:15:51
DOT/USD,23.026,23.053,11-06-21 4:15:41
DOT/USD,23.029,23.044,11-06-21 4:15:31
DOT/USD,23.029,23.044,11-06-21 4:15:21
DOT/USD,23.036,23.055,11-06-21 4:15:11
DOT/USD,23.021,23.036,11-06-21 4:15:01
DOT/USD,23.022,23.042,11-06-21 4:14:51
DOT/USD,23.026,23.047,11-06-21 4:14:41
DOT/USD,23.06,23.079,11-06-21 4:14:31
DOT/USD,23.061,23.078,11-06-21 4:14:21
DOT/USD,23.069,23.077,11-06-21 4:14:11
DOT/USD,23.072,23.083,11-06-21 4:14:01
DOT/USD,23.071,23.083,11-06-21 4:13:51
DOT/USD,23.075,23.083,11-06-21 4:13:41
DOT/USD,23.056,23.078,11-06-21 4:13:31
DOT/USD,23.056,23.076,11-06-21 4:13:21
DOT/USD,23.074,23.083,11-06-21 4:13:11
DOT/USD,23.051,23.079,11-06-21 4:13:01
DOT/USD,23.062,23.083,11-06-21 4:12:51
