PAIR,BID,ASK,TIME
BTC/USD,36684,36685,11-06-21 3:52:50
BTC/USD,36688,36693,11-06-21 3:52:40
BTC/USD,36695,36701,11-06-21 3:52:30
BTC/USD,36715,36716,11-06-21 3:52:20
BTC/USD,36713,36716,11-06-21 3:52:10
BTC/USD,36713,36715,11-06-21 3:52:00
BTC/USD,36714,36716,11-06-21 3:51:50
BTC/USD,36691,36692,11-06-21 3:51:40
BTC/USD,36695,36696,11-06-21 3:51:30
BTC/USD,36695,36696,11-06-21 3:51:20
BTC/USD,36681,36683,11-06-21 3:51:10
BTC/USD,36652,36653,11-06-21 3:51:00
BTC/USD,36654,36656,11-06-21 3:50:50
BTC/USD,36656,36657,11-06-21 3:50:40
BTC/USD,36656,36657,11-06-21 3:50:30
BTC/USD,36654,36657,11-06-21 3:50:20
BTC/USD,36638,36642,11-06-21 3:50:10
BTC/USD,36649,36660,11-06-21 3:50:00
BTC/USD,36665,36676,11-06-21 3:49:50
BTC/USD,36661,36669,11-06-21 3:49:40
BTC/USD,36645,36646,11-06-21 3:49:30
BTC/USD,36644,36649,11-06-21 3:49:20
BTC/USD,36666,36667,11-06-21 3:49:10
BTC/USD,36649,36650,11-06-21 3:49:00
BTC/USD,36657,36658,11-06-21 3:48:50
BTC/USD,36657,36658,11-06-21 3:48:40
BTC/USD,36657,36658,11-06-21 3:48:30
BTC/USD,36657,36658,11-06-21 3:48:20
BTC/USD,36657,36658,11-06-21 3:48:10
BTC/USD,36657,36662,11-06-21 3:48:00
BTC/USD,36658,36662,11-06-21 3:47:50
BTC/USD,36672,36676,11-06-21 3:47:40
BTC/USD,36671,36676,11-06-21 3:47:30
BTC/USD,36684,36691,11-06-21 3:47:20
BTC/USD,36697,36702,11-06-21 3:47:10
BTC/USD,36701,36710,11-06-21 3:47:00
BTC/USD,36713,36723,11-06-21 3:46:50
BTC/USD,36699,36709,11-06-21 3:46:40
BTC/USD,36691,36694,11-06-21 3:46:30
BTC/USD,36699,36707,11-06-21 3:46:20
BTC/USD,36719,36727,11-06-21 3:46:10
BTC/USD,36733,36734,11-06-21 3:46:00
BTC/USD,36711,36722,11-06-21 3:45:50
BTC/USD,36709,36717,11-06-21 3:45:40
BTC/USD,36678,36679,11-06-21 3:45:30
BTC/USD,36677,36678,11-06-21 3:45:20
BTC/USD,36672,36673,11-06-21 3:45:10
BTC/USD,36660,36661,11-06-21 3:45:00
BTC/USD,36658,36659,11-06-21 3:44:50
BTC/USD,36658,36659,11-06-21 3:44:40
BTC/USD,36657,36659,11-06-21 3:44:30
BTC/USD,36658,36659,11-06-21 3:44:20
BTC/USD,36655,36657,11-06-21 3:44:10
BTC/USD,36637,36644,11-06-21 3:44:00
BTC/USD,36642,36646,11-06-21 3:43:50
BTC/USD,36638,36644,11-06-21 3:43:40
BTC/USD,36623,36630,11-06-21 3:43:30
BTC/USD,36622,36630,11-06-21 3:43:20
BTC/USD,36622,36630,11-06-21 3:43:10
BTC/USD,36638,36644,11-06-21 3:43:00
BTC/USD,36617,36622,11-06-21 3:42:50
BTC/USD,36615,36621,11-06-21 3:42:40
BTC/USD,36605,36611,11-06-21 3:42:30
BTC/USD,36615,36617,11-06-21 3:42:20
BTC/USD,36634,36639,11-06-21 3:42:10
BTC/USD,36630,36638,11-06-21 3:42:00
BTC/USD,36637,36646,11-06-21 3:41:50
BTC/USD,36635,36645,11-06-21 3:41:40
BTC/USD,36627,36633,11-06-21 3:41:30
BTC/USD,36637,36638,11-06-21 3:41:20
BTC/USD,36631,36637,11-06-21 3:41:10
BTC/USD,36647,36654,11-06-21 3:41:00
BTC/USD,36654,36657,11-06-21 3:40:50
BTC/USD,36656,36657,11-06-21 3:40:40
BTC/USD,36632,36638,11-06-21 3:40:30
BTC/USD,36625,36627,11-06-21 3:40:20
BTC/USD,36613,36614,11-06-21 3:40:10
BTC/USD,36604,36612,11-06-21 3:40:00
BTC/USD,36610,36616,11-06-21 3:39:50
BTC/USD,36613,36620,11-06-21 3:39:40
BTC/USD,36610,36615,11-06-21 3:39:30
BTC/USD,36623,36629,11-06-21 3:39:20
BTC/USD,36619,36629,11-06-21 3:39:10
BTC/USD,36613,36619,11-06-21 3:39:00
BTC/USD,36591,36601,11-06-21 3:38:50
BTC/USD,36601,36608,11-06-21 3:38:40
BTC/USD,36596,36597,11-06-21 3:38:30
BTC/USD,36618,36619,11-06-21 3:38:20
BTC/USD,36615,36618,11-06-21 3:38:10
BTC/USD,36610,36618,11-06-21 3:38:00
BTC/USD,36608,36618,11-06-21 3:37:50
BTC/USD,36608,36618,11-06-21 3:37:40
BTC/USD,36622,36630,11-06-21 3:37:30
BTC/USD,36608,36616,11-06-21 3:37:20
BTC/USD,36606,36615,11-06-21 3:37:10
BTC/USD,36611,36621,11-06-21 3:37:00
BTC/USD,36601,36602,11-06-21 3:36:50
BTC/USD,36615,36616,11-06-21 3:36:40
BTC/USD,36628,36634,11-06-21 3:36:30
BTC/USD,36619,36624,11-06-21 3:36:20
BTC/USD,36616,36624,11-06-21 3:36:10
BTC/USD,36631,36639,11-06-21 3:36:00
BTC/USD,36617,36619,11-06-21 3:35:50
BTC/USD,36602,36609,11-06-21 3:35:40
BTC/USD,36590,36598,11-06-21 3:35:30
BTC/USD,36569,36576,11-06-21 3:35:20
BTC/USD,36567,36570,11-06-21 3:35:10
BTC/USD,36581,36584,11-06-21 3:35:00
BTC/USD,36580,36584,11-06-21 3:34:50
BTC/USD,36588,36590,11-06-21 3:34:40
BTC/USD,36589,36596,11-06-21 3:34:30
BTC/USD,36604,36611,11-06-21 3:34:20
BTC/USD,36599,36603,11-06-21 3:34:10
BTC/USD,36605,36607,11-06-21 3:34:00
BTC/USD,36576,36581,11-06-21 3:33:51
BTC/USD,36583,36587,11-06-21 3:33:40
BTC/USD,36585,36588,11-06-21 3:33:30
BTC/USD,36600,36601,11-06-21 3:33:20
BTC/USD,36595,36596,11-06-21 3:33:10
BTC/USD,36574,36581,11-06-21 3:33:00
BTC/USD,36581,36585,11-06-21 3:32:50
BTC/USD,36580,36582,11-06-21 3:32:40
BTC/USD,36582,36594,11-06-21 3:32:30
BTC/USD,36623,36631,11-06-21 3:32:20
BTC/USD,36635,36638,11-06-21 3:32:10
BTC/USD,36599,36612,11-06-21 3:32:00
BTC/USD,36599,36600,11-06-21 3:31:50
BTC/USD,36586,36587,11-06-21 3:31:40
BTC/USD,36611,36614,11-06-21 3:31:30
BTC/USD,36611,36612,11-06-21 3:31:20
BTC/USD,36614,36622,11-06-21 3:31:10
BTC/USD,36624,36634,11-06-21 3:31:00
BTC/USD,36630,36641,11-06-21 3:30:50
BTC/USD,36627,36637,11-06-21 3:30:40
BTC/USD,36629,36636,11-06-21 3:30:30
BTC/USD,36622,36629,11-06-21 3:30:20
BTC/USD,36660,36664,11-06-21 3:30:10
BTC/USD,36660,36662,11-06-21 3:30:00
BTC/USD,36669,36678,11-06-21 3:29:50
BTC/USD,36678,36685,11-06-21 3:29:40
BTC/USD,36693,36699,11-06-21 3:29:30
BTC/USD,36675,36679,11-06-21 3:29:20
BTC/USD,36670,36676,11-06-21 3:29:10
BTC/USD,36670,36680,11-06-21 3:29:00
BTC/USD,36674,36684,11-06-21 3:28:50
BTC/USD,36679,36689,11-06-21 3:28:40
BTC/USD,36690,36699,11-06-21 3:28:30
BTC/USD,36684,36690,11-06-21 3:28:20
BTC/USD,36683,36688,11-06-21 3:28:10
BTC/USD,36695,36703,11-06-21 3:28:00
BTC/USD,36707,36710,11-06-21 3:27:50
BTC/USD,36663,36672,11-06-21 3:27:40
BTC/USD,36676,36684,11-06-21 3:27:30
BTC/USD,36678,36688,11-06-21 3:27:20
BTC/USD,36686,36695,11-06-21 3:27:10
BTC/USD,36667,36674,11-06-21 3:27:00
BTC/USD,36679,36680,11-06-21 3:26:50
BTC/USD,36673,36675,11-06-21 3:26:40
BTC/USD,36678,36689,11-06-21 3:26:30
BTC/USD,36695,36697,11-06-21 3:26:20
BTC/USD,36724,36731,11-06-21 3:26:10
BTC/USD,36715,36724,11-06-21 3:26:00
BTC/USD,36715,36724,11-06-21 3:25:50
BTC/USD,36729,36734,11-06-21 3:25:40
BTC/USD,36741,36749,11-06-21 3:25:30
BTC/USD,36745,36746,11-06-21 3:25:20
BTC/USD,36734,36735,11-06-21 3:25:10
BTC/USD,36730,36734,11-06-21 3:25:00
BTC/USD,36738,36748,11-06-21 3:24:50
BTC/USD,36736,36745,11-06-21 3:24:40
BTC/USD,36736,36746,11-06-21 3:24:30
BTC/USD,36720,36726,11-06-21 3:24:20
BTC/USD,36729,36730,11-06-21 3:24:10
BTC/USD,36709,36710,11-06-21 3:24:00
BTC/USD,36704,36713,11-06-21 3:23:50
BTC/USD,36704,36705,11-06-21 3:23:40
BTC/USD,36711,36713,11-06-21 3:23:30
BTC/USD,36722,36724,11-06-21 3:23:20
BTC/USD,36721,36726,11-06-21 3:23:10
BTC/USD,36720,36726,11-06-21 3:23:00
BTC/USD,36721,36726,11-06-21 3:22:50
BTC/USD,36723,36729,11-06-21 3:22:40
BTC/USD,36729,36730,11-06-21 3:22:30
BTC/USD,36726,36727,11-06-21 3:22:20
BTC/USD,36728,36729,11-06-21 3:22:11
BTC/USD,36711,36712,11-06-21 3:22:00
BTC/USD,36711,36712,11-06-21 3:21:50
BTC/USD,36722,36729,11-06-21 3:21:40
BTC/USD,36722,36730,11-06-21 3:21:30
BTC/USD,36718,36727,11-06-21 3:21:20
BTC/USD,36729,36730,11-06-21 3:21:10
BTC/USD,36728,36730,11-06-21 3:21:00
BTC/USD,36738,36739,11-06-21 3:20:50
BTC/USD,36751,36756,11-06-21 3:20:40
BTC/USD,36765,36769,11-06-21 3:20:30
BTC/USD,36766,36769,11-06-21 3:20:20
BTC/USD,36774,36778,11-06-21 3:20:10
BTC/USD,36765,36774,11-06-21 3:20:00
BTC/USD,36769,36770,11-06-21 3:19:50
BTC/USD,36762,36767,11-06-21 3:19:40
BTC/USD,36769,36770,11-06-21 3:19:30
BTC/USD,36768,36770,11-06-21 3:19:20
BTC/USD,36769,36770,11-06-21 3:19:10
BTC/USD,36751,36752,11-06-21 3:19:00
BTC/USD,36753,36760,11-06-21 3:18:50
BTC/USD,36773,36782,11-06-21 3:18:40
BTC/USD,36805,36810,11-06-21 3:18:30
BTC/USD,36816,36823,11-06-21 3:18:20
BTC/USD,36826,36827,11-06-21 3:18:10
BTC/USD,36829,36831,11-06-21 3:18:00
BTC/USD,36829,36833,11-06-21 3:17:50
BTC/USD,36817,36818,11-06-21 3:17:40
BTC/USD,36816,36818,11-06-21 3:17:30
BTC/USD,36833,36835,11-06-21 3:17:20
BTC/USD,36842,36843,11-06-21 3:17:10
BTC/USD,36796,36801,11-06-21 3:17:00
BTC/USD,36831,36835,11-06-21 3:16:50
BTC/USD,36881,36893,11-06-21 3:16:40
BTC/USD,36790,36798,11-06-21 3:16:30
BTC/USD,36745,36746,11-06-21 3:16:20
BTC/USD,36766,36768,11-06-21 3:16:10
BTC/USD,36743,36748,11-06-21 3:16:00
BTC/USD,36764,36768,11-06-21 3:15:50
BTC/USD,36740,36745,11-06-21 3:15:40
BTC/USD,36788,36789,11-06-21 3:15:30
BTC/USD,36721,36722,11-06-21 3:15:20
BTC/USD,36684,36685,11-06-21 3:15:10
BTC/USD,36690,36691,11-06-21 3:15:00
BTC/USD,36690,36691,11-06-21 3:14:50
BTC/USD,36695,36696,11-06-21 3:14:40
BTC/USD,36698,36699,11-06-21 3:14:30
BTC/USD,36693,36695,11-06-21 3:14:20
BTC/USD,36706,36711,11-06-21 3:14:10
BTC/USD,36707,36711,11-06-21 3:14:00
BTC/USD,36710,36718,11-06-21 3:13:50
BTC/USD,36708,36716,11-06-21 3:13:40
BTC/USD,36715,36723,11-06-21 3:13:30
BTC/USD,36724,36725,11-06-21 3:13:20
BTC/USD,36724,36725,11-06-21 3:13:10
BTC/USD,36722,36725,11-06-21 3:13:00
BTC/USD,36715,36721,11-06-21 3:12:50
BTC/USD,36712,36722,11-06-21 3:12:40
BTC/USD,36715,36722,11-06-21 3:12:30
BTC/USD,36711,36712,11-06-21 3:12:20
BTC/USD,36716,36725,11-06-21 3:12:10
BTC/USD,36698,36708,11-06-21 3:12:00
BTC/USD,36705,36711,11-06-21 3:11:50
BTC/USD,36732,36734,11-06-21 3:11:40
BTC/USD,36698,36704,11-06-21 3:11:30
BTC/USD,36689,36690,11-06-21 3:11:20
BTC/USD,36711,36714,11-06-21 3:11:10
BTC/USD,36722,36727,11-06-21 3:11:00
BTC/USD,36723,36727,11-06-21 3:10:50
BTC/USD,36735,36747,11-06-21 3:10:40
BTC/USD,36737,36749,11-06-21 3:10:30
BTC/USD,36751,36766,11-06-21 3:10:20
BTC/USD,36771,36783,11-06-21 3:10:10
BTC/USD,36763,36764,11-06-21 3:10:00
BTC/USD,36730,36732,11-06-21 3:09:50
BTC/USD,36749,36751,11-06-21 3:09:40
BTC/USD,36745,36757,11-06-21 3:09:30
BTC/USD,36774,36782,11-06-21 3:09:20
BTC/USD,36748,36749,11-06-21 3:09:10
BTC/USD,36738,36739,11-06-21 3:09:00
BTC/USD,36699,36700,11-06-21 3:08:50
BTC/USD,36694,36695,11-06-21 3:08:40
BTC/USD,36694,36695,11-06-21 3:08:30
BTC/USD,36684,36691,11-06-21 3:08:20
BTC/USD,36663,36676,11-06-21 3:08:10
BTC/USD,36673,36677,11-06-21 3:08:00
BTC/USD,36666,36676,11-06-21 3:07:50
BTC/USD,36650,36661,11-06-21 3:07:40
BTC/USD,36643,36654,11-06-21 3:07:30
BTC/USD,36665,36672,11-06-21 3:07:20
BTC/USD,36678,36685,11-06-21 3:07:10
BTC/USD,36695,36696,11-06-21 3:07:00
BTC/USD,36644,36649,11-06-21 3:06:50
BTC/USD,36625,36626,11-06-21 3:06:40
BTC/USD,36630,36635,11-06-21 3:06:30
BTC/USD,36625,36633,11-06-21 3:06:20
BTC/USD,36634,36644,11-06-21 3:06:10
BTC/USD,36649,36650,11-06-21 3:06:00
BTC/USD,36619,36628,11-06-21 3:05:50
BTC/USD,36634,36641,11-06-21 3:05:40
BTC/USD,36648,36652,11-06-21 3:05:30
BTC/USD,36665,36672,11-06-21 3:05:20
BTC/USD,36666,36672,11-06-21 3:05:10
BTC/USD,36663,36673,11-06-21 3:05:00
BTC/USD,36680,36686,11-06-21 3:04:50
BTC/USD,36665,36677,11-06-21 3:04:40
BTC/USD,36688,36694,11-06-21 3:04:30
BTC/USD,36683,36687,11-06-21 3:04:20
BTC/USD,36668,36669,11-06-21 3:04:10
BTC/USD,36668,36669,11-06-21 3:04:00
BTC/USD,36608,36609,11-06-21 3:03:50
BTC/USD,36611,36612,11-06-21 3:03:40
BTC/USD,36623,36634,11-06-21 3:03:30
BTC/USD,36656,36657,11-06-21 3:03:20
BTC/USD,36628,36639,11-06-21 3:03:10
BTC/USD,36611,36618,11-06-21 3:03:00
BTC/USD,36620,36632,11-06-21 3:02:50
BTC/USD,36634,36644,11-06-21 3:02:40
BTC/USD,36651,36654,11-06-21 3:02:30
BTC/USD,36675,36686,11-06-21 3:02:20
BTC/USD,36661,36672,11-06-21 3:02:10
BTC/USD,36652,36666,11-06-21 3:02:00
BTC/USD,36665,36677,11-06-21 3:01:50
BTC/USD,36653,36659,11-06-21 3:01:40
BTC/USD,36612,36626,11-06-21 3:01:30
BTC/USD,36647,36656,11-06-21 3:01:20
BTC/USD,36651,36661,11-06-21 3:01:10
BTC/USD,36741,36748,11-06-21 3:01:00
BTC/USD,36736,36754,11-06-21 3:00:50
BTC/USD,36665,36666,11-06-21 3:00:40
BTC/USD,36621,36629,11-06-21 3:00:30
BTC/USD,36511,36531,11-06-21 3:00:20
BTC/USD,36322,36335,11-06-21 3:00:10
BTC/USD,36326,36333,11-06-21 3:00:00
BTC/USD,36332,36336,11-06-21 2:59:50
BTC/USD,36339,36344,11-06-21 2:59:40
BTC/USD,36338,36343,11-06-21 2:59:30
BTC/USD,36338,36346,11-06-21 2:59:20
BTC/USD,36346,36353,11-06-21 2:59:10
BTC/USD,36326,36334,11-06-21 2:59:00
BTC/USD,36331,36339,11-06-21 2:58:50
BTC/USD,36340,36343,11-06-21 2:58:40
BTC/USD,36319,36329,11-06-21 2:58:30
BTC/USD,36318,36329,11-06-21 2:58:20
BTC/USD,36336,36344,11-06-21 2:58:10
BTC/USD,36332,36337,11-06-21 2:58:00
BTC/USD,36304,36315,11-06-21 2:57:50
BTC/USD,36298,36304,11-06-21 2:57:40
BTC/USD,36277,36285,11-06-21 2:57:30
BTC/USD,36286,36293,11-06-21 2:57:20
BTC/USD,36289,36296,11-06-21 2:57:10
BTC/USD,36304,36305,11-06-21 2:57:00
BTC/USD,36292,36301,11-06-21 2:56:50
BTC/USD,36297,36308,11-06-21 2:56:40
BTC/USD,36290,36298,11-06-21 2:56:30
BTC/USD,36303,36304,11-06-21 2:56:20
BTC/USD,36285,36294,11-06-21 2:56:10
BTC/USD,36296,36304,11-06-21 2:56:00
BTC/USD,36293,36300,11-06-21 2:55:50
BTC/USD,36301,36310,11-06-21 2:55:40
BTC/USD,36311,36317,11-06-21 2:55:30
BTC/USD,36326,36333,11-06-21 2:55:20
BTC/USD,36309,36310,11-06-21 2:55:10
BTC/USD,36309,36310,11-06-21 2:55:00
BTC/USD,36308,36310,11-06-21 2:54:50
BTC/USD,36298,36308,11-06-21 2:54:40
BTC/USD,36291,36301,11-06-21 2:54:30
BTC/USD,36289,36300,11-06-21 2:54:20
BTC/USD,36306,36312,11-06-21 2:54:10
BTC/USD,36295,36304,11-06-21 2:54:00
BTC/USD,36299,36300,11-06-21 2:53:50
BTC/USD,36290,36291,11-06-21 2:53:40
BTC/USD,36272,36278,11-06-21 2:53:30
BTC/USD,36273,36281,11-06-21 2:53:20
BTC/USD,36266,36277,11-06-21 2:53:10
BTC/USD,36227,36236,11-06-21 2:53:00
BTC/USD,36240,36250,11-06-21 2:52:50
BTC/USD,36250,36254,11-06-21 2:52:40
BTC/USD,36245,36248,11-06-21 2:52:30
BTC/USD,36227,36236,11-06-21 2:52:20
BTC/USD,36241,36247,11-06-21 2:52:10
BTC/USD,36245,36246,11-06-21 2:52:00
BTC/USD,36241,36246,11-06-21 2:51:50
BTC/USD,36245,36246,11-06-21 2:51:40
BTC/USD,36237,36246,11-06-21 2:51:30
BTC/USD,36231,36233,11-06-21 2:51:20
BTC/USD,36220,36222,11-06-21 2:51:10
BTC/USD,36233,36239,11-06-21 2:51:00
BTC/USD,36229,36230,11-06-21 2:50:50
BTC/USD,36213,36218,11-06-21 2:50:40
BTC/USD,36257,36259,11-06-21 2:50:30
BTC/USD,36246,36248,11-06-21 2:50:20
BTC/USD,36248,36249,11-06-21 2:50:10
BTC/USD,36245,36248,11-06-21 2:50:00
BTC/USD,36249,36252,11-06-21 2:49:50
BTC/USD,36247,36253,11-06-21 2:49:40
BTC/USD,36234,36242,11-06-21 2:49:30
BTC/USD,36245,36250,11-06-21 2:49:20
BTC/USD,36264,36274,11-06-21 2:49:10
BTC/USD,36259,36265,11-06-21 2:49:00
BTC/USD,36253,36260,11-06-21 2:48:50
BTC/USD,36256,36262,11-06-21 2:48:40
BTC/USD,36251,36257,11-06-21 2:48:30
BTC/USD,36251,36257,11-06-21 2:48:20
BTC/USD,36249,36257,11-06-21 2:48:10
BTC/USD,36245,36255,11-06-21 2:48:00
BTC/USD,36251,36257,11-06-21 2:47:50
BTC/USD,36241,36249,11-06-21 2:47:40
BTC/USD,36265,36273,11-06-21 2:47:30
BTC/USD,36271,36276,11-06-21 2:47:20
BTC/USD,36282,36283,11-06-21 2:47:10
BTC/USD,36244,36245,11-06-21 2:47:00
BTC/USD,36239,36244,11-06-21 2:46:50
BTC/USD,36232,36240,11-06-21 2:46:40
BTC/USD,36232,36243,11-06-21 2:46:30
BTC/USD,36234,36242,11-06-21 2:46:20
BTC/USD,36243,36244,11-06-21 2:46:10
BTC/USD,36211,36221,11-06-21 2:46:00
BTC/USD,36212,36219,11-06-21 2:45:50
BTC/USD,36198,36199,11-06-21 2:45:40
BTC/USD,36195,36198,11-06-21 2:45:30
BTC/USD,36199,36200,11-06-21 2:45:20
BTC/USD,36182,36184,11-06-21 2:45:10
BTC/USD,36218,36219,11-06-21 2:45:00
BTC/USD,36207,36213,11-06-21 2:44:50
BTC/USD,36192,36198,11-06-21 2:44:40
BTC/USD,36194,36201,11-06-21 2:44:30
BTC/USD,36198,36199,11-06-21 2:44:20
BTC/USD,36191,36198,11-06-21 2:44:10
BTC/USD,36172,36181,11-06-21 2:44:00
BTC/USD,36180,36189,11-06-21 2:43:50
BTC/USD,36190,36193,11-06-21 2:43:40
BTC/USD,36196,36197,11-06-21 2:43:30
BTC/USD,36196,36198,11-06-21 2:43:20
BTC/USD,36189,36195,11-06-21 2:43:10
BTC/USD,36171,36179,11-06-21 2:43:00
BTC/USD,36188,36195,11-06-21 2:42:50
BTC/USD,36192,36196,11-06-21 2:42:40
BTC/USD,36188,36190,11-06-21 2:42:30
BTC/USD,36184,36193,11-06-21 2:42:20
BTC/USD,36198,36199,11-06-21 2:42:10
BTC/USD,36197,36198,11-06-21 2:42:00
BTC/USD,36174,36175,11-06-21 2:41:50
BTC/USD,36150,36158,11-06-21 2:41:40
BTC/USD,36144,36148,11-06-21 2:41:30
BTC/USD,36111,36112,11-06-21 2:41:20
BTC/USD,36129,36131,11-06-21 2:41:10
BTC/USD,36127,36131,11-06-21 2:41:00
BTC/USD,36131,36133,11-06-21 2:40:50
BTC/USD,36138,36145,11-06-21 2:40:40
BTC/USD,36172,36178,11-06-21 2:40:30
BTC/USD,36184,36185,11-06-21 2:40:20
BTC/USD,36180,36181,11-06-21 2:40:10
BTC/USD,36160,36163,11-06-21 2:40:00
BTC/USD,36151,36161,11-06-21 2:39:50
BTC/USD,36172,36178,11-06-21 2:39:40
BTC/USD,36171,36182,11-06-21 2:39:30
BTC/USD,36193,36200,11-06-21 2:39:20
BTC/USD,36187,36194,11-06-21 2:39:10
BTC/USD,36171,36172,11-06-21 2:39:00
BTC/USD,36173,36176,11-06-21 2:38:50
BTC/USD,36178,36187,11-06-21 2:38:40
BTC/USD,36182,36188,11-06-21 2:38:30
BTC/USD,36190,36198,11-06-21 2:38:20
BTC/USD,36189,36196,11-06-21 2:38:10
BTC/USD,36182,36183,11-06-21 2:38:00
BTC/USD,36194,36195,11-06-21 2:37:50
BTC/USD,36194,36198,11-06-21 2:37:40
BTC/USD,36190,36199,11-06-21 2:37:30
BTC/USD,36189,36197,11-06-21 2:37:20
BTC/USD,36172,36180,11-06-21 2:37:10
BTC/USD,36188,36190,11-06-21 2:37:00
BTC/USD,36183,36190,11-06-21 2:36:50
BTC/USD,36181,36189,11-06-21 2:36:40
BTC/USD,36209,36210,11-06-21 2:36:30
BTC/USD,36209,36210,11-06-21 2:36:20
BTC/USD,36218,36222,11-06-21 2:36:10
BTC/USD,36215,36224,11-06-21 2:36:00
BTC/USD,36213,36217,11-06-21 2:35:50
BTC/USD,36224,36228,11-06-21 2:35:40
BTC/USD,36204,36213,11-06-21 2:35:30
BTC/USD,36214,36215,11-06-21 2:35:20
BTC/USD,36206,36216,11-06-21 2:35:10
BTC/USD,36209,36210,11-06-21 2:35:00
BTC/USD,36211,36212,11-06-21 2:34:50
BTC/USD,36239,36246,11-06-21 2:34:40
BTC/USD,36264,36265,11-06-21 2:34:30
BTC/USD,36269,36280,11-06-21 2:34:20
BTC/USD,36272,36273,11-06-21 2:34:10
BTC/USD,36229,36233,11-06-21 2:34:00
BTC/USD,36235,36238,11-06-21 2:33:50
BTC/USD,36234,36235,11-06-21 2:33:40
BTC/USD,36206,36217,11-06-21 2:33:30
BTC/USD,36220,36221,11-06-21 2:33:20
BTC/USD,36190,36195,11-06-21 2:33:10
BTC/USD,36179,36185,11-06-21 2:33:00
BTC/USD,36183,36185,11-06-21 2:32:50
BTC/USD,36182,36184,11-06-21 2:32:40
BTC/USD,36173,36183,11-06-21 2:32:30
BTC/USD,36188,36189,11-06-21 2:32:20
BTC/USD,36193,36194,11-06-21 2:32:10
BTC/USD,36188,36189,11-06-21 2:32:00
BTC/USD,36176,36179,11-06-21 2:31:50
BTC/USD,36178,36179,11-06-21 2:31:40
BTC/USD,36177,36179,11-06-21 2:31:30
BTC/USD,36174,36176,11-06-21 2:31:20
BTC/USD,36168,36171,11-06-21 2:31:10
BTC/USD,36157,36162,11-06-21 2:31:00
BTC/USD,36168,36172,11-06-21 2:30:50
BTC/USD,36148,36149,11-06-21 2:30:40
BTC/USD,36135,36139,11-06-21 2:30:30
BTC/USD,36116,36117,11-06-21 2:30:20
BTC/USD,36103,36104,11-06-21 2:30:10
BTC/USD,36103,36104,11-06-21 2:30:00
BTC/USD,36111,36121,11-06-21 2:29:50
BTC/USD,36114,36123,11-06-21 2:29:40
BTC/USD,36138,36145,11-06-21 2:29:30
BTC/USD,36145,36146,11-06-21 2:29:20
BTC/USD,36139,36140,11-06-21 2:29:10
BTC/USD,36123,36129,11-06-21 2:29:00
BTC/USD,36121,36131,11-06-21 2:28:50
BTC/USD,36133,36139,11-06-21 2:28:40
BTC/USD,36134,36140,11-06-21 2:28:30
BTC/USD,36127,36134,11-06-21 2:28:20
BTC/USD,36096,36106,11-06-21 2:28:10
BTC/USD,36095,36104,11-06-21 2:28:00
BTC/USD,36096,36104,11-06-21 2:27:50
BTC/USD,36113,36117,11-06-21 2:27:40
BTC/USD,36110,36111,11-06-21 2:27:30
BTC/USD,36117,36118,11-06-21 2:27:20
BTC/USD,36133,36134,11-06-21 2:27:10
BTC/USD,36133,36144,11-06-21 2:27:00
BTC/USD,36133,36142,11-06-21 2:26:50
BTC/USD,36132,36140,11-06-21 2:26:40
BTC/USD,36161,36174,11-06-21 2:26:30
BTC/USD,36172,36180,11-06-21 2:26:20
BTC/USD,36178,36179,11-06-21 2:26:10
BTC/USD,36168,36171,11-06-21 2:26:00
BTC/USD,36163,36164,11-06-21 2:25:50
BTC/USD,36164,36174,11-06-21 2:25:40
BTC/USD,36164,36165,11-06-21 2:25:30
BTC/USD,36155,36156,11-06-21 2:25:20
BTC/USD,36131,36132,11-06-21 2:25:10
BTC/USD,36092,36099,11-06-21 2:25:00
BTC/USD,36111,36123,11-06-21 2:24:50
BTC/USD,36114,36123,11-06-21 2:24:40
BTC/USD,36111,36115,11-06-21 2:24:30
BTC/USD,36135,36144,11-06-21 2:24:20
BTC/USD,36141,36142,11-06-21 2:24:10
BTC/USD,36136,36144,11-06-21 2:24:00
BTC/USD,36150,36159,11-06-21 2:23:50
BTC/USD,36166,36174,11-06-21 2:23:40
BTC/USD,36158,36159,11-06-21 2:23:30
BTC/USD,36141,36149,11-06-21 2:23:20
BTC/USD,36141,36149,11-06-21 2:23:10
BTC/USD,36123,36132,11-06-21 2:23:00
BTC/USD,36150,36151,11-06-21 2:22:50
BTC/USD,36127,36128,11-06-21 2:22:40
BTC/USD,36116,36125,11-06-21 2:22:30
BTC/USD,36108,36119,11-06-21 2:22:20
BTC/USD,36127,36128,11-06-21 2:22:10
BTC/USD,36098,36099,11-06-21 2:22:00
BTC/USD,36093,36094,11-06-21 2:21:50
BTC/USD,36074,36082,11-06-21 2:21:40
BTC/USD,36064,36069,11-06-21 2:21:30
BTC/USD,36061,36065,11-06-21 2:21:20
BTC/USD,36056,36061,11-06-21 2:21:10
BTC/USD,36045,36052,11-06-21 2:21:00
BTC/USD,36049,36054,11-06-21 2:20:50
BTC/USD,36064,36069,11-06-21 2:20:40
BTC/USD,36055,36058,11-06-21 2:20:30
BTC/USD,36033,36047,11-06-21 2:20:20
BTC/USD,36037,36045,11-06-21 2:20:10
BTC/USD,36033,36034,11-06-21 2:20:00
BTC/USD,36049,36058,11-06-21 2:19:50
BTC/USD,36058,36067,11-06-21 2:19:40
BTC/USD,36058,36059,11-06-21 2:19:30
BTC/USD,36058,36059,11-06-21 2:19:20
BTC/USD,36047,36048,11-06-21 2:19:10
BTC/USD,36027,36037,11-06-21 2:19:00
BTC/USD,36046,36050,11-06-21 2:18:50
BTC/USD,36028,36036,11-06-21 2:18:40
BTC/USD,36049,36059,11-06-21 2:18:30
BTC/USD,36048,36049,11-06-21 2:18:20
BTC/USD,36028,36031,11-06-21 2:18:10
BTC/USD,35988,35996,11-06-21 2:18:00
BTC/USD,35996,35999,11-06-21 2:17:50
BTC/USD,35995,35999,11-06-21 2:17:40
BTC/USD,35969,35977,11-06-21 2:17:30
BTC/USD,35966,35967,11-06-21 2:17:20
BTC/USD,35974,35983,11-06-21 2:17:10
BTC/USD,35997,36009,11-06-21 2:17:00
BTC/USD,35985,35996,11-06-21 2:16:50
BTC/USD,35997,35998,11-06-21 2:16:40
BTC/USD,35997,35998,11-06-21 2:16:30
BTC/USD,36009,36010,11-06-21 2:16:20
BTC/USD,36035,36043,11-06-21 2:16:10
BTC/USD,36047,36048,11-06-21 2:16:00
BTC/USD,36080,36081,11-06-21 2:15:50
BTC/USD,36101,36113,11-06-21 2:15:40
BTC/USD,36103,36116,11-06-21 2:15:30
BTC/USD,36107,36122,11-06-21 2:15:20
BTC/USD,36123,36124,11-06-21 2:15:10
BTC/USD,36092,36102,11-06-21 2:15:00
BTC/USD,36089,36098,11-06-21 2:14:50
BTC/USD,36103,36114,11-06-21 2:14:40
BTC/USD,36106,36114,11-06-21 2:14:30
BTC/USD,36117,36119,11-06-21 2:14:20
BTC/USD,36086,36099,11-06-21 2:14:10
BTC/USD,36065,36076,11-06-21 2:14:00
BTC/USD,36067,36078,11-06-21 2:13:50
BTC/USD,36066,36075,11-06-21 2:13:40
BTC/USD,36071,36072,11-06-21 2:13:30
BTC/USD,36101,36108,11-06-21 2:13:20
BTC/USD,36105,36116,11-06-21 2:13:10
BTC/USD,36059,36070,11-06-21 2:13:00
BTC/USD,36030,36037,11-06-21 2:12:50
BTC/USD,36014,36023,11-06-21 2:12:40
BTC/USD,36031,36032,11-06-21 2:12:30
BTC/USD,36033,36034,11-06-21 2:12:20
BTC/USD,36056,36057,11-06-21 2:12:10
BTC/USD,36079,36080,11-06-21 2:12:00
BTC/USD,36079,36080,11-06-21 2:11:50
BTC/USD,36081,36082,11-06-21 2:11:40
BTC/USD,36100,36101,11-06-21 2:11:30
BTC/USD,36111,36112,11-06-21 2:11:20
BTC/USD,36145,36146,11-06-21 2:11:10
BTC/USD,36170,36173,11-06-21 2:11:00
BTC/USD,36170,36176,11-06-21 2:10:50
BTC/USD,36190,36191,11-06-21 2:10:40
BTC/USD,36212,36219,11-06-21 2:10:30
BTC/USD,36227,36228,11-06-21 2:10:20
BTC/USD,36218,36219,11-06-21 2:10:10
BTC/USD,36175,36183,11-06-21 2:10:00
BTC/USD,36174,36181,11-06-21 2:09:50
BTC/USD,36176,36182,11-06-21 2:09:40
BTC/USD,36178,36185,11-06-21 2:09:30
BTC/USD,36172,36179,11-06-21 2:09:20
BTC/USD,36144,36149,11-06-21 2:09:10
BTC/USD,36131,36139,11-06-21 2:09:00
BTC/USD,36110,36121,11-06-21 2:08:50
BTC/USD,36101,36107,11-06-21 2:08:40
BTC/USD,36097,36104,11-06-21 2:08:30
BTC/USD,36075,36087,11-06-21 2:08:20
BTC/USD,36092,36095,11-06-21 2:08:10
BTC/USD,36116,36123,11-06-21 2:08:00
BTC/USD,36111,36113,11-06-21 2:07:50
BTC/USD,36110,36116,11-06-21 2:07:40
BTC/USD,36112,36121,11-06-21 2:07:30
BTC/USD,36112,36116,11-06-21 2:07:20
BTC/USD,36119,36123,11-06-21 2:07:10
BTC/USD,36146,36154,11-06-21 2:07:00
BTC/USD,36138,36141,11-06-21 2:06:50
BTC/USD,36131,36141,11-06-21 2:06:40
BTC/USD,36117,36118,11-06-21 2:06:30
BTC/USD,36115,36127,11-06-21 2:06:20
BTC/USD,36114,36115,11-06-21 2:06:10
BTC/USD,36114,36115,11-06-21 2:06:00
BTC/USD,36135,36138,11-06-21 2:05:50
BTC/USD,36131,36132,11-06-21 2:05:40
BTC/USD,36158,36159,11-06-21 2:05:30
BTC/USD,36153,36159,11-06-21 2:05:20
BTC/USD,36104,36108,11-06-21 2:05:10
BTC/USD,36104,36108,11-06-21 2:05:00
BTC/USD,36118,36125,11-06-21 2:04:50
BTC/USD,36142,36143,11-06-21 2:04:40
BTC/USD,36154,36163,11-06-21 2:04:30
BTC/USD,36142,36143,11-06-21 2:04:20
BTC/USD,36166,36170,11-06-21 2:04:10
BTC/USD,36175,36176,11-06-21 2:04:00
BTC/USD,36179,36187,11-06-21 2:03:50
BTC/USD,36179,36189,11-06-21 2:03:40
BTC/USD,36179,36187,11-06-21 2:03:30
BTC/USD,36178,36184,11-06-21 2:03:20
BTC/USD,36208,36216,11-06-21 2:03:10
BTC/USD,36191,36196,11-06-21 2:03:00
BTC/USD,36192,36196,11-06-21 2:02:50
BTC/USD,36194,36203,11-06-21 2:02:40
BTC/USD,36171,36172,11-06-21 2:02:30
BTC/USD,36174,36175,11-06-21 2:02:20
BTC/USD,36181,36188,11-06-21 2:02:10
BTC/USD,36174,36175,11-06-21 2:02:00
BTC/USD,36201,36202,11-06-21 2:01:50
BTC/USD,36223,36225,11-06-21 2:01:40
BTC/USD,36200,36201,11-06-21 2:01:30
BTC/USD,36217,36218,11-06-21 2:01:20
BTC/USD,36240,36243,11-06-21 2:01:10
BTC/USD,36234,36235,11-06-21 2:01:00
BTC/USD,36242,36251,11-06-21 2:00:50
BTC/USD,36231,36232,11-06-21 2:00:40
BTC/USD,36248,36258,11-06-21 2:00:30
BTC/USD,36251,36252,11-06-21 2:00:20
BTC/USD,36304,36311,11-06-21 2:00:10
BTC/USD,36288,36294,11-06-21 2:00:00
BTC/USD,36296,36304,11-06-21 1:59:50
BTC/USD,36298,36310,11-06-21 1:59:40
BTC/USD,36272,36281,11-06-21 1:59:30
BTC/USD,36261,36264,11-06-21 1:59:20
BTC/USD,36290,36291,11-06-21 1:59:10
BTC/USD,36286,36290,11-06-21 1:59:00
BTC/USD,36277,36286,11-06-21 1:58:50
BTC/USD,36275,36285,11-06-21 1:58:40
BTC/USD,36265,36266,11-06-21 1:58:30
BTC/USD,36265,36270,11-06-21 1:58:20
BTC/USD,36249,36256,11-06-21 1:58:10
BTC/USD,36273,36278,11-06-21 1:58:00
BTC/USD,36281,36290,11-06-21 1:57:50
BTC/USD,36281,36288,11-06-21 1:57:40
BTC/USD,36266,36275,11-06-21 1:57:30
BTC/USD,36264,36269,11-06-21 1:57:20
BTC/USD,36251,36257,11-06-21 1:57:10
BTC/USD,36286,36297,11-06-21 1:57:00
BTC/USD,36286,36290,11-06-21 1:56:50
BTC/USD,36318,36319,11-06-21 1:56:40
BTC/USD,36321,36326,11-06-21 1:56:30
BTC/USD,36307,36308,11-06-21 1:56:20
BTC/USD,36307,36309,11-06-21 1:56:10
BTC/USD,36321,36329,11-06-21 1:56:00
BTC/USD,36323,36329,11-06-21 1:55:50
BTC/USD,36324,36325,11-06-21 1:55:40
BTC/USD,36307,36317,11-06-21 1:55:30
BTC/USD,36316,36323,11-06-21 1:55:20
BTC/USD,36324,36325,11-06-21 1:55:10
BTC/USD,36307,36308,11-06-21 1:55:00
BTC/USD,36324,36325,11-06-21 1:54:50
BTC/USD,36309,36311,11-06-21 1:54:40
BTC/USD,36307,36308,11-06-21 1:54:30
BTC/USD,36268,36274,11-06-21 1:54:20
BTC/USD,36301,36307,11-06-21 1:54:10
BTC/USD,36278,36279,11-06-21 1:54:00
BTC/USD,36278,36279,11-06-21 1:53:50
BTC/USD,36271,36276,11-06-21 1:53:40
BTC/USD,36258,36263,11-06-21 1:53:30
BTC/USD,36257,36258,11-06-21 1:53:20
BTC/USD,36272,36276,11-06-21 1:53:10
BTC/USD,36267,36268,11-06-21 1:53:00
BTC/USD,36272,36273,11-06-21 1:52:50
BTC/USD,36272,36273,11-06-21 1:52:40
BTC/USD,36237,36246,11-06-21 1:52:30
BTC/USD,36258,36266,11-06-21 1:52:20
BTC/USD,36239,36248,11-06-21 1:52:10
BTC/USD,36234,36241,11-06-21 1:52:00
BTC/USD,36212,36222,11-06-21 1:51:50
BTC/USD,36230,36239,11-06-21 1:51:40
BTC/USD,36211,36216,11-06-21 1:51:30
BTC/USD,36216,36228,11-06-21 1:51:20
BTC/USD,36231,36232,11-06-21 1:51:10
BTC/USD,36276,36279,11-06-21 1:51:00
BTC/USD,36271,36272,11-06-21 1:50:50
BTC/USD,36305,36307,11-06-21 1:50:40
BTC/USD,36295,36305,11-06-21 1:50:30
BTC/USD,36313,36314,11-06-21 1:50:20
BTC/USD,36322,36330,11-06-21 1:50:10
BTC/USD,36344,36353,11-06-21 1:50:00
BTC/USD,36346,36357,11-06-21 1:49:50
BTC/USD,36345,36351,11-06-21 1:49:40
BTC/USD,36332,36340,11-06-21 1:49:30
BTC/USD,36319,36320,11-06-21 1:49:20
BTC/USD,36332,36333,11-06-21 1:49:10
BTC/USD,36367,36370,11-06-21 1:49:00
BTC/USD,36371,36379,11-06-21 1:48:50
BTC/USD,36371,36381,11-06-21 1:48:40
BTC/USD,36377,36383,11-06-21 1:48:30
BTC/USD,36398,36408,11-06-21 1:48:20
BTC/USD,36388,36389,11-06-21 1:48:10
BTC/USD,36353,36354,11-06-21 1:48:00
BTC/USD,36342,36349,11-06-21 1:47:50
BTC/USD,36340,36341,11-06-21 1:47:40
BTC/USD,36305,36310,11-06-21 1:47:30
BTC/USD,36285,36288,11-06-21 1:47:20
BTC/USD,36285,36286,11-06-21 1:47:10
BTC/USD,36300,36306,11-06-21 1:47:00
BTC/USD,36291,36300,11-06-21 1:46:50
BTC/USD,36305,36315,11-06-21 1:46:40
BTC/USD,36315,36323,11-06-21 1:46:30
BTC/USD,36305,36306,11-06-21 1:46:20
BTC/USD,36298,36306,11-06-21 1:46:10
BTC/USD,36291,36300,11-06-21 1:46:00
BTC/USD,36298,36299,11-06-21 1:45:50
BTC/USD,36287,36288,11-06-21 1:45:40
BTC/USD,36259,36260,11-06-21 1:45:30
BTC/USD,36259,36260,11-06-21 1:45:20
BTC/USD,36254,36259,11-06-21 1:45:10
BTC/USD,36259,36260,11-06-21 1:45:00
BTC/USD,36254,36256,11-06-21 1:44:50
BTC/USD,36250,36251,11-06-21 1:44:40
BTC/USD,36225,36232,11-06-21 1:44:30
BTC/USD,36213,36222,11-06-21 1:44:20
BTC/USD,36211,36217,11-06-21 1:44:10
BTC/USD,36235,36243,11-06-21 1:44:00
BTC/USD,36219,36225,11-06-21 1:43:50
BTC/USD,36239,36246,11-06-21 1:43:40
BTC/USD,36249,36258,11-06-21 1:43:30
BTC/USD,36247,36256,11-06-21 1:43:20
BTC/USD,36260,36261,11-06-21 1:43:10
BTC/USD,36266,36267,11-06-21 1:43:00
BTC/USD,36288,36289,11-06-21 1:42:50
BTC/USD,36280,36281,11-06-21 1:42:40
BTC/USD,36264,36265,11-06-21 1:42:30
BTC/USD,36255,36256,11-06-21 1:42:20
BTC/USD,36255,36256,11-06-21 1:42:10
BTC/USD,36241,36248,11-06-21 1:42:00
BTC/USD,36255,36256,11-06-21 1:41:50
BTC/USD,36252,36253,11-06-21 1:41:40
BTC/USD,36236,36243,11-06-21 1:41:30
BTC/USD,36247,36248,11-06-21 1:41:20
BTC/USD,36234,36235,11-06-21 1:41:10
BTC/USD,36222,36223,11-06-21 1:41:00
BTC/USD,36193,36194,11-06-21 1:40:50
BTC/USD,36193,36194,11-06-21 1:40:40
BTC/USD,36195,36197,11-06-21 1:40:30
BTC/USD,36216,36217,11-06-21 1:40:20
BTC/USD,36229,36233,11-06-21 1:40:10
BTC/USD,36217,36222,11-06-21 1:40:00
BTC/USD,36244,36245,11-06-21 1:39:50
BTC/USD,36244,36247,11-06-21 1:39:40
BTC/USD,36244,36249,11-06-21 1:39:30
BTC/USD,36245,36249,11-06-21 1:39:20
BTC/USD,36233,36241,11-06-21 1:39:10
BTC/USD,36243,36247,11-06-21 1:39:00
BTC/USD,36231,36237,11-06-21 1:38:50
BTC/USD,36222,36230,11-06-21 1:38:40
BTC/USD,36220,36230,11-06-21 1:38:30
BTC/USD,36238,36239,11-06-21 1:38:20
BTC/USD,36231,36238,11-06-21 1:38:10
BTC/USD,36229,36239,11-06-21 1:38:00
BTC/USD,36227,36229,11-06-21 1:37:50
BTC/USD,36218,36219,11-06-21 1:37:40
BTC/USD,36218,36219,11-06-21 1:37:30
BTC/USD,36208,36218,11-06-21 1:37:20
BTC/USD,36167,36168,11-06-21 1:37:10
BTC/USD,36167,36168,11-06-21 1:37:00
BTC/USD,36167,36168,11-06-21 1:36:50
BTC/USD,36207,36208,11-06-21 1:36:40
BTC/USD,36218,36219,11-06-21 1:36:30
BTC/USD,36218,36219,11-06-21 1:36:20
BTC/USD,36218,36219,11-06-21 1:36:10
BTC/USD,36194,36195,11-06-21 1:36:00
BTC/USD,36195,36198,11-06-21 1:35:50
BTC/USD,36194,36199,11-06-21 1:35:40
BTC/USD,36182,36189,11-06-21 1:35:30
BTC/USD,36194,36198,11-06-21 1:35:20
BTC/USD,36176,36180,11-06-21 1:35:10
BTC/USD,36142,36147,11-06-21 1:35:00
BTC/USD,36140,36147,11-06-21 1:34:50
BTC/USD,36136,36147,11-06-21 1:34:40
BTC/USD,36162,36169,11-06-21 1:34:30
BTC/USD,36208,36214,11-06-21 1:34:20
BTC/USD,36218,36219,11-06-21 1:34:10
BTC/USD,36208,36209,11-06-21 1:34:00
BTC/USD,36198,36199,11-06-21 1:33:50
BTC/USD,36198,36199,11-06-21 1:33:40
BTC/USD,36190,36196,11-06-21 1:33:30
BTC/USD,36190,36193,11-06-21 1:33:20
BTC/USD,36190,36198,11-06-21 1:33:10
BTC/USD,36188,36189,11-06-21 1:33:00
BTC/USD,36178,36189,11-06-21 1:32:50
BTC/USD,36178,36179,11-06-21 1:32:40
BTC/USD,36171,36172,11-06-21 1:32:30
BTC/USD,36157,36159,11-06-21 1:32:20
BTC/USD,36158,36161,11-06-21 1:32:10
BTC/USD,36140,36141,11-06-21 1:32:00
BTC/USD,36138,36146,11-06-21 1:31:50
BTC/USD,36147,36151,11-06-21 1:31:40
BTC/USD,36137,36143,11-06-21 1:31:30
BTC/USD,36149,36151,11-06-21 1:31:20
BTC/USD,36142,36151,11-06-21 1:31:10
BTC/USD,36126,36132,11-06-21 1:31:00
BTC/USD,36121,36126,11-06-21 1:30:50
BTC/USD,36122,36126,11-06-21 1:30:40
BTC/USD,36111,36112,11-06-21 1:30:30
BTC/USD,36117,36128,11-06-21 1:30:20
BTC/USD,36096,36104,11-06-21 1:30:10
BTC/USD,36056,36068,11-06-21 1:30:00
BTC/USD,36090,36099,11-06-21 1:29:50
BTC/USD,36085,36096,11-06-21 1:29:40
BTC/USD,36070,36071,11-06-21 1:29:30
BTC/USD,36105,36106,11-06-21 1:29:20
BTC/USD,36103,36106,11-06-21 1:29:10
BTC/USD,36048,36056,11-06-21 1:29:00
BTC/USD,36048,36052,11-06-21 1:28:50
BTC/USD,36058,36059,11-06-21 1:28:40
BTC/USD,36047,36059,11-06-21 1:28:30
BTC/USD,36036,36046,11-06-21 1:28:20
BTC/USD,36026,36029,11-06-21 1:28:10
BTC/USD,36010,36012,11-06-21 1:28:00
BTC/USD,36056,36065,11-06-21 1:27:50
BTC/USD,36103,36104,11-06-21 1:27:40
BTC/USD,36113,36121,11-06-21 1:27:30
BTC/USD,36142,36148,11-06-21 1:27:20
BTC/USD,36125,36126,11-06-21 1:27:10
BTC/USD,36118,36119,11-06-21 1:27:00
BTC/USD,36140,36142,11-06-21 1:26:50
BTC/USD,36173,36181,11-06-21 1:26:40
BTC/USD,36153,36162,11-06-21 1:26:30
BTC/USD,36177,36178,11-06-21 1:26:20
BTC/USD,36184,36185,11-06-21 1:26:10
BTC/USD,36205,36213,11-06-21 1:26:00
BTC/USD,36200,36201,11-06-21 1:25:50
BTC/USD,36216,36221,11-06-21 1:25:40
BTC/USD,36210,36211,11-06-21 1:25:30
BTC/USD,36221,36226,11-06-21 1:25:20
BTC/USD,36234,36245,11-06-21 1:25:10
BTC/USD,36216,36221,11-06-21 1:25:00
BTC/USD,36216,36220,11-06-21 1:24:50
BTC/USD,36224,36225,11-06-21 1:24:40
BTC/USD,36213,36214,11-06-21 1:24:30
BTC/USD,36208,36210,11-06-21 1:24:20
BTC/USD,36237,36243,11-06-21 1:24:10
BTC/USD,36227,36235,11-06-21 1:24:00
BTC/USD,36241,36250,11-06-21 1:23:50
BTC/USD,36216,36217,11-06-21 1:23:40
BTC/USD,36261,36262,11-06-21 1:23:30
BTC/USD,36288,36289,11-06-21 1:23:20
BTC/USD,36253,36257,11-06-21 1:23:10
BTC/USD,36244,36255,11-06-21 1:23:00
BTC/USD,36237,36238,11-06-21 1:22:50
BTC/USD,36221,36231,11-06-21 1:22:40
BTC/USD,36213,36220,11-06-21 1:22:30
BTC/USD,36207,36210,11-06-21 1:22:20
BTC/USD,36207,36212,11-06-21 1:22:10
BTC/USD,36180,36181,11-06-21 1:22:00
BTC/USD,36195,36196,11-06-21 1:21:50
BTC/USD,36198,36210,11-06-21 1:21:40
BTC/USD,36231,36234,11-06-21 1:21:30
BTC/USD,36231,36235,11-06-21 1:21:20
BTC/USD,36213,36219,11-06-21 1:21:10
BTC/USD,36190,36197,11-06-21 1:21:00
BTC/USD,36206,36211,11-06-21 1:20:50
BTC/USD,36197,36199,11-06-21 1:20:40
BTC/USD,36197,36199,11-06-21 1:20:30
BTC/USD,36194,36199,11-06-21 1:20:20
BTC/USD,36176,36179,11-06-21 1:20:10
BTC/USD,36134,36142,11-06-21 1:20:00
BTC/USD,36122,36131,11-06-21 1:19:50
BTC/USD,36115,36120,11-06-21 1:19:40
BTC/USD,36129,36132,11-06-21 1:19:30
BTC/USD,36144,36153,11-06-21 1:19:20
BTC/USD,36154,36155,11-06-21 1:19:10
BTC/USD,36173,36179,11-06-21 1:19:00
BTC/USD,36185,36186,11-06-21 1:18:50
BTC/USD,36185,36194,11-06-21 1:18:40
BTC/USD,36173,36179,11-06-21 1:18:30
BTC/USD,36169,36177,11-06-21 1:18:20
BTC/USD,36169,36170,11-06-21 1:18:10
BTC/USD,36117,36118,11-06-21 1:18:00
BTC/USD,36121,36127,11-06-21 1:17:50
BTC/USD,36167,36173,11-06-21 1:17:40
BTC/USD,36165,36173,11-06-21 1:17:30
BTC/USD,36169,36170,11-06-21 1:17:20
BTC/USD,36210,36211,11-06-21 1:17:10
BTC/USD,36258,36263,11-06-21 1:17:00
BTC/USD,36253,36263,11-06-21 1:16:50
BTC/USD,36256,36267,11-06-21 1:16:40
BTC/USD,36285,36296,11-06-21 1:16:30
BTC/USD,36285,36293,11-06-21 1:16:20
BTC/USD,36288,36289,11-06-21 1:16:10
BTC/USD,36257,36267,11-06-21 1:16:00
BTC/USD,36251,36259,11-06-21 1:15:50
BTC/USD,36262,36274,11-06-21 1:15:40
BTC/USD,36248,36249,11-06-21 1:15:30
BTC/USD,36211,36217,11-06-21 1:15:20
BTC/USD,36191,36203,11-06-21 1:15:10
BTC/USD,36190,36194,11-06-21 1:15:00
BTC/USD,36208,36209,11-06-21 1:14:50
BTC/USD,36185,36189,11-06-21 1:14:40
BTC/USD,36177,36179,11-06-21 1:14:30
BTC/USD,36152,36159,11-06-21 1:14:20
BTC/USD,36145,36150,11-06-21 1:14:10
BTC/USD,36111,36113,11-06-21 1:14:00
BTC/USD,36103,36114,11-06-21 1:13:50
BTC/USD,36095,36099,11-06-21 1:13:40
BTC/USD,36137,36140,11-06-21 1:13:30
BTC/USD,36167,36169,11-06-21 1:13:20
BTC/USD,36164,36172,11-06-21 1:13:10
BTC/USD,36159,36165,11-06-21 1:13:00
BTC/USD,36158,36159,11-06-21 1:12:50
BTC/USD,36138,36139,11-06-21 1:12:40
BTC/USD,36122,36135,11-06-21 1:12:30
BTC/USD,36130,36134,11-06-21 1:12:20
BTC/USD,36089,36091,11-06-21 1:12:10
BTC/USD,36064,36065,11-06-21 1:12:00
BTC/USD,36117,36127,11-06-21 1:11:50
BTC/USD,36144,36145,11-06-21 1:11:40
BTC/USD,36133,36134,11-06-21 1:11:30
BTC/USD,36146,36151,11-06-21 1:11:20
BTC/USD,36137,36138,11-06-21 1:11:10
BTC/USD,36101,36102,11-06-21 1:11:00
BTC/USD,36173,36174,11-06-21 1:10:50
BTC/USD,36174,36175,11-06-21 1:10:40
BTC/USD,36161,36165,11-06-21 1:10:30
BTC/USD,36180,36185,11-06-21 1:10:20
BTC/USD,36189,36190,11-06-21 1:10:10
BTC/USD,36163,36169,11-06-21 1:10:00
BTC/USD,36171,36176,11-06-21 1:09:50
BTC/USD,36171,36179,11-06-21 1:09:40
BTC/USD,36192,36203,11-06-21 1:09:31
BTC/USD,36183,36191,11-06-21 1:09:20
BTC/USD,36172,36178,11-06-21 1:09:10
BTC/USD,36172,36173,11-06-21 1:09:00
BTC/USD,36180,36186,11-06-21 1:08:50
BTC/USD,36207,36208,11-06-21 1:08:40
BTC/USD,36243,36245,11-06-21 1:08:30
BTC/USD,36259,36269,11-06-21 1:08:20
BTC/USD,36276,36279,11-06-21 1:08:10
BTC/USD,36247,36256,11-06-21 1:08:00
BTC/USD,36211,36229,11-06-21 1:07:50
BTC/USD,36259,36260,11-06-21 1:07:40
BTC/USD,36266,36267,11-06-21 1:07:30
BTC/USD,36279,36287,11-06-21 1:07:20
BTC/USD,36284,36295,11-06-21 1:07:10
BTC/USD,36273,36274,11-06-21 1:07:00
BTC/USD,36303,36304,11-06-21 1:06:50
BTC/USD,36306,36314,11-06-21 1:06:40
BTC/USD,36290,36292,11-06-21 1:06:30
BTC/USD,36304,36309,11-06-21 1:06:20
BTC/USD,36288,36299,11-06-21 1:06:10
BTC/USD,36265,36277,11-06-21 1:06:00
BTC/USD,36255,36256,11-06-21 1:05:50
BTC/USD,36294,36295,11-06-21 1:05:40
BTC/USD,36304,36305,11-06-21 1:05:30
BTC/USD,36303,36312,11-06-21 1:05:20
BTC/USD,36294,36303,11-06-21 1:05:10
BTC/USD,36302,36308,11-06-21 1:05:00
BTC/USD,36282,36292,11-06-21 1:04:50
BTC/USD,36284,36285,11-06-21 1:04:40
BTC/USD,36303,36309,11-06-21 1:04:30
BTC/USD,36272,36281,11-06-21 1:04:20
BTC/USD,36263,36272,11-06-21 1:04:10
BTC/USD,36277,36282,11-06-21 1:04:00
BTC/USD,36298,36302,11-06-21 1:03:50
BTC/USD,36294,36296,11-06-21 1:03:40
BTC/USD,36295,36303,11-06-21 1:03:30
BTC/USD,36332,36341,11-06-21 1:03:20
BTC/USD,36359,36360,11-06-21 1:03:10
BTC/USD,36379,36385,11-06-21 1:03:00
BTC/USD,36374,36381,11-06-21 1:02:50
BTC/USD,36418,36419,11-06-21 1:02:40
BTC/USD,36433,36441,11-06-21 1:02:30
BTC/USD,36459,36471,11-06-21 1:02:20
BTC/USD,36448,36455,11-06-21 1:02:10
BTC/USD,36431,36435,11-06-21 1:02:00
BTC/USD,36423,36425,11-06-21 1:01:50
BTC/USD,36446,36447,11-06-21 1:01:40
BTC/USD,36450,36451,11-06-21 1:01:30
BTC/USD,36478,36479,11-06-21 1:01:20
BTC/USD,36461,36464,11-06-21 1:01:10
BTC/USD,36466,36473,11-06-21 1:01:00
BTC/USD,36428,36438,11-06-21 1:00:50
BTC/USD,36417,36419,11-06-21 1:00:40
BTC/USD,36376,36377,11-06-21 1:00:30
BTC/USD,36365,36376,11-06-21 1:00:20
BTC/USD,36356,36357,11-06-21 1:00:10
BTC/USD,36396,36405,11-06-21 1:00:00
BTC/USD,36403,36404,11-06-21 0:59:50
BTC/USD,36402,36411,11-06-21 0:59:40
BTC/USD,36360,36367,11-06-21 0:59:30
BTC/USD,36400,36402,11-06-21 0:59:20
BTC/USD,36433,36434,11-06-21 0:59:10
BTC/USD,36503,36504,11-06-21 0:59:00
BTC/USD,36544,36545,11-06-21 0:58:50
BTC/USD,36569,36570,11-06-21 0:58:40
BTC/USD,36571,36572,11-06-21 0:58:30
BTC/USD,36568,36569,11-06-21 0:58:20
BTC/USD,36618,36619,11-06-21 0:58:10
BTC/USD,36596,36605,11-06-21 0:58:00
BTC/USD,36610,36619,11-06-21 0:57:50
BTC/USD,36585,36593,11-06-21 0:57:40
BTC/USD,36596,36598,11-06-21 0:57:30
BTC/USD,36592,36593,11-06-21 0:57:20
BTC/USD,36561,36562,11-06-21 0:57:10
BTC/USD,36581,36582,11-06-21 0:57:00
BTC/USD,36600,36601,11-06-21 0:56:50
BTC/USD,36612,36617,11-06-21 0:56:40
BTC/USD,36606,36615,11-06-21 0:56:30
BTC/USD,36624,36625,11-06-21 0:56:20
BTC/USD,36631,36638,11-06-21 0:56:10
BTC/USD,36633,36638,11-06-21 0:56:00
BTC/USD,36638,36639,11-06-21 0:55:50
BTC/USD,36613,36614,11-06-21 0:55:40
BTC/USD,36614,36615,11-06-21 0:55:30
BTC/USD,36588,36597,11-06-21 0:55:20
BTC/USD,36573,36576,11-06-21 0:55:10
BTC/USD,36573,36579,11-06-21 0:55:00
BTC/USD,36578,36580,11-06-21 0:54:50
BTC/USD,36584,36588,11-06-21 0:54:40
BTC/USD,36610,36611,11-06-21 0:54:30
BTC/USD,36610,36617,11-06-21 0:54:20
BTC/USD,36608,36618,11-06-21 0:54:10
BTC/USD,36608,36609,11-06-21 0:54:00
BTC/USD,36588,36589,11-06-21 0:53:50
BTC/USD,36588,36589,11-06-21 0:53:40
BTC/USD,36586,36587,11-06-21 0:53:30
BTC/USD,36577,36578,11-06-21 0:53:20
BTC/USD,36583,36589,11-06-21 0:53:10
BTC/USD,36562,36569,11-06-21 0:53:00
BTC/USD,36577,36586,11-06-21 0:52:50
BTC/USD,36575,36583,11-06-21 0:52:40
BTC/USD,36582,36583,11-06-21 0:52:30
BTC/USD,36584,36589,11-06-21 0:52:20
BTC/USD,36560,36567,11-06-21 0:52:10
BTC/USD,36560,36570,11-06-21 0:52:00
BTC/USD,36559,36569,11-06-21 0:51:50
BTC/USD,36551,36552,11-06-21 0:51:40
BTC/USD,36551,36555,11-06-21 0:51:30
BTC/USD,36550,36559,11-06-21 0:51:20
BTC/USD,36555,36568,11-06-21 0:51:10
BTC/USD,36553,36555,11-06-21 0:51:00
BTC/USD,36584,36585,11-06-21 0:50:50
BTC/USD,36584,36585,11-06-21 0:50:40
BTC/USD,36581,36582,11-06-21 0:50:30
BTC/USD,36575,36579,11-06-21 0:50:20
BTC/USD,36529,36539,11-06-21 0:50:10
BTC/USD,36512,36516,11-06-21 0:50:00
BTC/USD,36509,36513,11-06-21 0:49:50
BTC/USD,36500,36506,11-06-21 0:49:40
BTC/USD,36526,36528,11-06-21 0:49:30
BTC/USD,36595,36596,11-06-21 0:49:20
BTC/USD,36595,36603,11-06-21 0:49:10
BTC/USD,36593,36604,11-06-21 0:49:00
BTC/USD,36587,36597,11-06-21 0:48:50
BTC/USD,36590,36595,11-06-21 0:48:40
BTC/USD,36609,36616,11-06-21 0:48:30
BTC/USD,36636,36639,11-06-21 0:48:20
BTC/USD,36638,36639,11-06-21 0:48:10
BTC/USD,36636,36639,11-06-21 0:48:00
BTC/USD,36637,36638,11-06-21 0:47:50
BTC/USD,36638,36639,11-06-21 0:47:40
BTC/USD,36625,36636,11-06-21 0:47:30
BTC/USD,36638,36639,11-06-21 0:47:20
BTC/USD,36596,36608,11-06-21 0:47:10
BTC/USD,36603,36612,11-06-21 0:47:00
BTC/USD,36605,36615,11-06-21 0:46:50
BTC/USD,36618,36619,11-06-21 0:46:40
BTC/USD,36586,36587,11-06-21 0:46:30
BTC/USD,36608,36609,11-06-21 0:46:20
BTC/USD,36596,36599,11-06-21 0:46:10
BTC/USD,36569,36576,11-06-21 0:46:00
BTC/USD,36562,36571,11-06-21 0:45:50
BTC/USD,36571,36583,11-06-21 0:45:40
BTC/USD,36598,36599,11-06-21 0:45:30
BTC/USD,36598,36599,11-06-21 0:45:20
BTC/USD,36588,36589,11-06-21 0:45:10
BTC/USD,36562,36572,11-06-21 0:45:00
BTC/USD,36578,36579,11-06-21 0:44:50
BTC/USD,36511,36520,11-06-21 0:44:40
BTC/USD,36496,36506,11-06-21 0:44:30
BTC/USD,36525,36531,11-06-21 0:44:20
BTC/USD,36524,36525,11-06-21 0:44:10
BTC/USD,36561,36562,11-06-21 0:44:00
BTC/USD,36576,36577,11-06-21 0:43:50
BTC/USD,36591,36599,11-06-21 0:43:40
BTC/USD,36615,36616,11-06-21 0:43:30
BTC/USD,36598,36599,11-06-21 0:43:20
BTC/USD,36588,36599,11-06-21 0:43:10
BTC/USD,36589,36595,11-06-21 0:43:00
BTC/USD,36580,36588,11-06-21 0:42:50
BTC/USD,36551,36552,11-06-21 0:42:40
BTC/USD,36575,36576,11-06-21 0:42:30
BTC/USD,36588,36589,11-06-21 0:42:20
BTC/USD,36569,36584,11-06-21 0:42:10
BTC/USD,36540,36543,11-06-21 0:42:00
BTC/USD,36527,36535,11-06-21 0:41:50
BTC/USD,36512,36528,11-06-21 0:41:40
BTC/USD,36539,36545,11-06-21 0:41:30
BTC/USD,36537,36546,11-06-21 0:41:20
BTC/USD,36526,36540,11-06-21 0:41:10
BTC/USD,36486,36496,11-06-21 0:41:00
BTC/USD,36486,36493,11-06-21 0:40:50
BTC/USD,36477,36488,11-06-21 0:40:40
BTC/USD,36484,36493,11-06-21 0:40:30
BTC/USD,36479,36488,11-06-21 0:40:20
BTC/USD,36488,36495,11-06-21 0:40:10
BTC/USD,36444,36449,11-06-21 0:40:00
BTC/USD,36454,36467,11-06-21 0:39:50
BTC/USD,36440,36444,11-06-21 0:39:40
BTC/USD,36452,36461,11-06-21 0:39:30
BTC/USD,36458,36459,11-06-21 0:39:20
BTC/USD,36433,36436,11-06-21 0:39:10
BTC/USD,36458,36459,11-06-21 0:39:00
BTC/USD,36473,36483,11-06-21 0:38:50
BTC/USD,36518,36519,11-06-21 0:38:40
BTC/USD,36489,36490,11-06-21 0:38:30
BTC/USD,36489,36497,11-06-21 0:38:20
BTC/USD,36489,36491,11-06-21 0:38:10
BTC/USD,36466,36469,11-06-21 0:38:00
BTC/USD,36484,36497,11-06-21 0:37:50
BTC/USD,36527,36532,11-06-21 0:37:40
BTC/USD,36523,36531,11-06-21 0:37:30
BTC/USD,36517,36520,11-06-21 0:37:20
BTC/USD,36518,36525,11-06-21 0:37:10
BTC/USD,36493,36500,11-06-21 0:37:00
BTC/USD,36510,36517,11-06-21 0:36:50
BTC/USD,36502,36511,11-06-21 0:36:40
BTC/USD,36501,36502,11-06-21 0:36:30
BTC/USD,36524,36525,11-06-21 0:36:20
BTC/USD,36498,36509,11-06-21 0:36:10
BTC/USD,36460,36470,11-06-21 0:36:00
BTC/USD,36487,36489,11-06-21 0:35:50
BTC/USD,36512,36524,11-06-21 0:35:40
BTC/USD,36522,36533,11-06-21 0:35:30
BTC/USD,36531,36533,11-06-21 0:35:20
BTC/USD,36600,36604,11-06-21 0:35:10
BTC/USD,36637,36639,11-06-21 0:35:00
BTC/USD,36601,36602,11-06-21 0:34:50
BTC/USD,36616,36625,11-06-21 0:34:40
BTC/USD,36638,36639,11-06-21 0:34:30
BTC/USD,36638,36639,11-06-21 0:34:20
BTC/USD,36610,36619,11-06-21 0:34:10
BTC/USD,36582,36592,11-06-21 0:34:00
BTC/USD,36583,36594,11-06-21 0:33:50
BTC/USD,36609,36613,11-06-21 0:33:40
BTC/USD,36588,36589,11-06-21 0:33:30
BTC/USD,36572,36581,11-06-21 0:33:20
BTC/USD,36540,36548,11-06-21 0:33:10
BTC/USD,36531,36537,11-06-21 0:33:00
BTC/USD,36568,36571,11-06-21 0:32:50
BTC/USD,36567,36580,11-06-21 0:32:40
BTC/USD,36565,36571,11-06-21 0:32:30
BTC/USD,36563,36571,11-06-21 0:32:20
BTC/USD,36547,36556,11-06-21 0:32:10
BTC/USD,36540,36549,11-06-21 0:32:00
BTC/USD,36524,36535,11-06-21 0:31:50
BTC/USD,36595,36600,11-06-21 0:31:40
BTC/USD,36609,36618,11-06-21 0:31:30
BTC/USD,36570,36571,11-06-21 0:31:20
BTC/USD,36557,36560,11-06-21 0:31:10
BTC/USD,36586,36587,11-06-21 0:31:00
BTC/USD,36614,36617,11-06-21 0:30:50
BTC/USD,36684,36685,11-06-21 0:30:40
BTC/USD,36720,36724,11-06-21 0:30:30
BTC/USD,36764,36773,11-06-21 0:30:20
BTC/USD,36739,36750,11-06-21 0:30:10
BTC/USD,36694,36703,11-06-21 0:30:00
BTC/USD,36700,36701,11-06-21 0:29:50
BTC/USD,36732,36736,11-06-21 0:29:40
BTC/USD,36736,36748,11-06-21 0:29:30
BTC/USD,36715,36722,11-06-21 0:29:20
BTC/USD,36735,36739,11-06-21 0:29:10
BTC/USD,36691,36692,11-06-21 0:29:00
BTC/USD,36723,36726,11-06-21 0:28:50
BTC/USD,36739,36751,11-06-21 0:28:40
BTC/USD,36820,36821,11-06-21 0:28:30
BTC/USD,36839,36841,11-06-21 0:28:20
BTC/USD,36806,36814,11-06-21 0:28:10
BTC/USD,36805,36807,11-06-21 0:28:00
BTC/USD,36840,36844,11-06-21 0:27:50
BTC/USD,36864,36865,11-06-21 0:27:40
BTC/USD,36865,36866,11-06-21 0:27:30
BTC/USD,36865,36866,11-06-21 0:27:20
BTC/USD,36871,36877,11-06-21 0:27:10
BTC/USD,36876,36877,11-06-21 0:27:00
BTC/USD,36890,36891,11-06-21 0:26:50
BTC/USD,36872,36873,11-06-21 0:26:40
BTC/USD,36878,36879,11-06-21 0:26:30
BTC/USD,36895,36901,11-06-21 0:26:20
BTC/USD,36909,36915,11-06-21 0:26:10
BTC/USD,36895,36902,11-06-21 0:26:00
BTC/USD,36884,36890,11-06-21 0:25:50
BTC/USD,36908,36918,11-06-21 0:25:40
BTC/USD,36885,36886,11-06-21 0:25:30
BTC/USD,36902,36904,11-06-21 0:25:20
BTC/USD,36921,36928,11-06-21 0:25:10
BTC/USD,36935,36936,11-06-21 0:25:00
BTC/USD,36907,36908,11-06-21 0:24:50
BTC/USD,36890,36900,11-06-21 0:24:40
BTC/USD,36897,36907,11-06-21 0:24:30
BTC/USD,36924,36933,11-06-21 0:24:20
BTC/USD,36932,36943,11-06-21 0:24:10
BTC/USD,36921,36932,11-06-21 0:24:00
BTC/USD,36911,36923,11-06-21 0:23:50
BTC/USD,36884,36888,11-06-21 0:23:40
BTC/USD,36871,36880,11-06-21 0:23:30
BTC/USD,36865,36877,11-06-21 0:23:20
BTC/USD,36861,36863,11-06-21 0:23:10
BTC/USD,36894,36902,11-06-21 0:23:00
BTC/USD,36912,36925,11-06-21 0:22:50
BTC/USD,36939,36950,11-06-21 0:22:40
BTC/USD,36922,36930,11-06-21 0:22:30
BTC/USD,36973,36983,11-06-21 0:22:20
BTC/USD,36908,36912,11-06-21 0:22:10
BTC/USD,36910,36912,11-06-21 0:22:00
BTC/USD,36910,36922,11-06-21 0:21:50
BTC/USD,36910,36914,11-06-21 0:21:40
BTC/USD,36943,36950,11-06-21 0:21:30
BTC/USD,36936,36940,11-06-21 0:21:20
BTC/USD,36921,36927,11-06-21 0:21:10
BTC/USD,36951,36962,11-06-21 0:21:00
BTC/USD,36994,36995,11-06-21 0:20:50
BTC/USD,36999,37013,11-06-21 0:20:40
BTC/USD,37032,37044,11-06-21 0:20:30
BTC/USD,37037,37044,11-06-21 0:20:20
BTC/USD,37034,37041,11-06-21 0:20:10
BTC/USD,36996,37004,11-06-21 0:20:00
BTC/USD,36985,36994,11-06-21 0:19:50
BTC/USD,36975,36978,11-06-21 0:19:40
BTC/USD,36975,36985,11-06-21 0:19:30
BTC/USD,37018,37028,11-06-21 0:19:20
BTC/USD,36993,37002,11-06-21 0:19:10
BTC/USD,37011,37022,11-06-21 0:19:00
BTC/USD,37031,37034,11-06-21 0:18:50
BTC/USD,37035,37040,11-06-21 0:18:40
BTC/USD,37049,37059,11-06-21 0:18:30
BTC/USD,37051,37060,11-06-21 0:18:20
BTC/USD,37051,37057,11-06-21 0:18:10
BTC/USD,37080,37081,11-06-21 0:18:00
BTC/USD,37093,37105,11-06-21 0:17:50
BTC/USD,37099,37106,11-06-21 0:17:40
BTC/USD,37103,37111,11-06-21 0:17:30
BTC/USD,37109,37116,11-06-21 0:17:20
BTC/USD,37106,37115,11-06-21 0:17:10
BTC/USD,37119,37126,11-06-21 0:17:00
BTC/USD,37149,37150,11-06-21 0:16:50
BTC/USD,37139,37149,11-06-21 0:16:40
BTC/USD,37167,37172,11-06-21 0:16:30
BTC/USD,37183,37189,11-06-21 0:16:20
BTC/USD,37117,37125,11-06-21 0:16:10
BTC/USD,37117,37120,11-06-21 0:16:00
BTC/USD,37098,37104,11-06-21 0:15:50
BTC/USD,37093,37098,11-06-21 0:15:40
BTC/USD,37111,37112,11-06-21 0:15:30
BTC/USD,37093,37105,11-06-21 0:15:20
BTC/USD,37058,37060,11-06-21 0:15:10
BTC/USD,37042,37043,11-06-21 0:15:00
BTC/USD,37007,37018,11-06-21 0:14:50
BTC/USD,36977,36989,11-06-21 0:14:40
BTC/USD,37011,37017,11-06-21 0:14:30
BTC/USD,37059,37060,11-06-21 0:14:20
BTC/USD,37059,37068,11-06-21 0:14:10
BTC/USD,37023,37032,11-06-21 0:14:00
BTC/USD,37057,37062,11-06-21 0:13:50
BTC/USD,37085,37099,11-06-21 0:13:40
BTC/USD,37091,37107,11-06-21 0:13:30
BTC/USD,37078,37082,11-06-21 0:13:20
BTC/USD,37111,37112,11-06-21 0:13:10
BTC/USD,37147,37148,11-06-21 0:13:00
BTC/USD,37111,37116,11-06-21 0:12:50
BTC/USD,37130,37134,11-06-21 0:12:40
BTC/USD,37133,37139,11-06-21 0:12:30
BTC/USD,37210,37218,11-06-21 0:12:20
BTC/USD,37195,37211,11-06-21 0:12:10
BTC/USD,37147,37156,11-06-21 0:12:00
BTC/USD,37158,37159,11-06-21 0:11:50
BTC/USD,37129,37135,11-06-21 0:11:40
BTC/USD,37075,37077,11-06-21 0:11:30
BTC/USD,37022,37034,11-06-21 0:11:20
BTC/USD,37056,37066,11-06-21 0:11:10
BTC/USD,37084,37095,11-06-21 0:11:00
BTC/USD,37063,37071,11-06-21 0:10:50
BTC/USD,37045,37056,11-06-21 0:10:40
BTC/USD,37020,37023,11-06-21 0:10:30
BTC/USD,36941,36954,11-06-21 0:10:20
BTC/USD,36897,36902,11-06-21 0:10:10
BTC/USD,36905,36912,11-06-21 0:10:00
BTC/USD,36908,36909,11-06-21 0:09:50
BTC/USD,36869,36879,11-06-21 0:09:40
BTC/USD,36832,36838,11-06-21 0:09:30
BTC/USD,36847,36848,11-06-21 0:09:20
BTC/USD,36914,36915,11-06-21 0:09:10
BTC/USD,36923,36933,11-06-21 0:09:00
BTC/USD,36876,36889,11-06-21 0:08:50
BTC/USD,36811,36814,11-06-21 0:08:40
BTC/USD,36814,36816,11-06-21 0:08:30
BTC/USD,36816,36817,11-06-21 0:08:20
BTC/USD,36758,36772,11-06-21 0:08:10
BTC/USD,36712,36722,11-06-21 0:08:00
BTC/USD,36708,36709,11-06-21 0:07:50
BTC/USD,36652,36656,11-06-21 0:07:40
BTC/USD,36652,36659,11-06-21 0:07:30
BTC/USD,36622,36625,11-06-21 0:07:20
BTC/USD,36624,36637,11-06-21 0:07:10
BTC/USD,36571,36582,11-06-21 0:07:00
BTC/USD,36572,36591,11-06-21 0:06:50
BTC/USD,36613,36614,11-06-21 0:06:40
BTC/USD,36638,36649,11-06-21 0:06:30
BTC/USD,36616,36617,11-06-21 0:06:20
BTC/USD,36578,36579,11-06-21 0:06:10
BTC/USD,36559,36560,11-06-21 0:06:00
BTC/USD,36488,36489,11-06-21 0:05:50
BTC/USD,36463,36466,11-06-21 0:05:40
BTC/USD,36425,36438,11-06-21 0:05:30
BTC/USD,36395,36399,11-06-21 0:05:20
BTC/USD,36400,36409,11-06-21 0:05:10
BTC/USD,36457,36462,11-06-21 0:05:00
BTC/USD,36464,36472,11-06-21 0:04:50
BTC/USD,36466,36467,11-06-21 0:04:40
BTC/USD,36471,36475,11-06-21 0:04:30
BTC/USD,36456,36466,11-06-21 0:04:20
BTC/USD,36441,36442,11-06-21 0:04:10
BTC/USD,36440,36443,11-06-21 0:04:00
BTC/USD,36460,36461,11-06-21 0:03:50
BTC/USD,36480,36484,11-06-21 0:03:40
BTC/USD,36482,36489,11-06-21 0:03:30
BTC/USD,36465,36466,11-06-21 0:03:20
BTC/USD,36419,36427,11-06-21 0:03:10
BTC/USD,36384,36387,11-06-21 0:03:00
BTC/USD,36311,36319,11-06-21 0:02:50
BTC/USD,36384,36385,11-06-21 0:02:40
BTC/USD,36465,36466,11-06-21 0:02:30
BTC/USD,36505,36506,11-06-21 0:02:20
BTC/USD,36401,36408,11-06-21 0:02:10
BTC/USD,36391,36398,11-06-21 0:02:00
BTC/USD,36477,36478,11-06-21 0:01:50
BTC/USD,36500,36501,11-06-21 0:01:40
BTC/USD,36490,36498,11-06-21 0:01:30
BTC/USD,36597,36598,11-06-21 0:01:20
BTC/USD,36645,36651,11-06-21 0:01:10
BTC/USD,36701,36702,11-06-21 0:01:00
BTC/USD,36696,36702,11-06-21 0:00:50
BTC/USD,36739,36740,11-06-21 0:00:40
BTC/USD,36717,36719,11-06-21 0:00:30
BTC/USD,36681,36684,11-06-21 0:00:20
BTC/USD,36675,36683,11-06-21 0:00:10
BTC/USD,36668,36669,11-06-21 0:00:00
BTC/USD,36641,36652,10-06-21 23:59:50
BTC/USD,36646,36647,10-06-21 23:59:40
BTC/USD,36635,36636,10-06-21 23:59:30
BTC/USD,36635,36640,10-06-21 23:59:20
BTC/USD,36641,36642,10-06-21 23:59:10
BTC/USD,36662,36665,10-06-21 23:59:00
BTC/USD,36678,36686,10-06-21 23:58:50
BTC/USD,36671,36679,10-06-21 23:58:40
BTC/USD,36666,36679,10-06-21 23:58:30
BTC/USD,36638,36642,10-06-21 23:58:20
BTC/USD,36616,36626,10-06-21 23:58:10
BTC/USD,36635,36646,10-06-21 23:58:00
BTC/USD,36640,36641,10-06-21 23:57:50
BTC/USD,36600,36601,10-06-21 23:57:40
BTC/USD,36611,36612,10-06-21 23:57:30
BTC/USD,36696,36700,10-06-21 23:57:20
BTC/USD,36695,36705,10-06-21 23:57:10
BTC/USD,36695,36703,10-06-21 23:57:00
BTC/USD,36674,36675,10-06-21 23:56:50
BTC/USD,36691,36697,10-06-21 23:56:40
BTC/USD,36701,36702,10-06-21 23:56:30
BTC/USD,36741,36743,10-06-21 23:56:20
BTC/USD,36762,36764,10-06-21 23:56:10
BTC/USD,36751,36754,10-06-21 23:56:00
BTC/USD,36771,36772,10-06-21 23:55:50
BTC/USD,36783,36784,10-06-21 23:55:40
BTC/USD,36798,36799,10-06-21 23:55:30
BTC/USD,36831,36832,10-06-21 23:55:20
BTC/USD,36839,36840,10-06-21 23:55:10
BTC/USD,36849,36856,10-06-21 23:55:00
BTC/USD,36841,36850,10-06-21 23:54:50
BTC/USD,36856,36864,10-06-21 23:54:40
BTC/USD,36861,36868,10-06-21 23:54:30
BTC/USD,36848,36857,10-06-21 23:54:20
BTC/USD,36864,36871,10-06-21 23:54:10
BTC/USD,36875,36880,10-06-21 23:54:00
BTC/USD,36874,36877,10-06-21 23:53:50
BTC/USD,36869,36870,10-06-21 23:53:40
BTC/USD,36864,36867,10-06-21 23:53:30
BTC/USD,36856,36857,10-06-21 23:53:20
BTC/USD,36852,36853,10-06-21 23:53:10
BTC/USD,36830,36836,10-06-21 23:53:00
BTC/USD,36834,36836,10-06-21 23:52:50
BTC/USD,36830,36836,10-06-21 23:52:40
BTC/USD,36824,36828,10-06-21 23:52:30
BTC/USD,36812,36813,10-06-21 23:52:20
BTC/USD,36810,36811,10-06-21 23:52:10
BTC/USD,36802,36806,10-06-21 23:52:00
BTC/USD,36797,36798,10-06-21 23:51:50
BTC/USD,36800,36804,10-06-21 23:51:40
BTC/USD,36802,36807,10-06-21 23:51:30
BTC/USD,36815,36819,10-06-21 23:51:20
BTC/USD,36823,36828,10-06-21 23:51:10
BTC/USD,36838,36844,10-06-21 23:51:00
BTC/USD,36838,36848,10-06-21 23:50:50
BTC/USD,36839,36848,10-06-21 23:50:40
BTC/USD,36839,36840,10-06-21 23:50:30
BTC/USD,36820,36821,10-06-21 23:50:20
BTC/USD,36815,36820,10-06-21 23:50:10
BTC/USD,36816,36820,10-06-21 23:50:00
BTC/USD,36811,36815,10-06-21 23:49:50
BTC/USD,36794,36800,10-06-21 23:49:40
BTC/USD,36785,36788,10-06-21 23:49:30
BTC/USD,36774,36780,10-06-21 23:49:20
BTC/USD,36790,36796,10-06-21 23:49:10
BTC/USD,36773,36774,10-06-21 23:49:00
BTC/USD,36784,36785,10-06-21 23:48:50
BTC/USD,36785,36792,10-06-21 23:48:40
BTC/USD,36803,36804,10-06-21 23:48:30
BTC/USD,36812,36813,10-06-21 23:48:20
BTC/USD,36811,36813,10-06-21 23:48:10
BTC/USD,36815,36816,10-06-21 23:48:00
BTC/USD,36819,36820,10-06-21 23:47:50
BTC/USD,36819,36820,10-06-21 23:47:40
BTC/USD,36821,36822,10-06-21 23:47:30
BTC/USD,36823,36824,10-06-21 23:47:20
BTC/USD,36830,36831,10-06-21 23:47:10
BTC/USD,36819,36830,10-06-21 23:47:00
BTC/USD,36828,36837,10-06-21 23:46:50
BTC/USD,36844,36854,10-06-21 23:46:40
BTC/USD,36852,36858,10-06-21 23:46:30
BTC/USD,36869,36871,10-06-21 23:46:20
BTC/USD,36868,36874,10-06-21 23:46:10
BTC/USD,36846,36855,10-06-21 23:46:00
BTC/USD,36850,36852,10-06-21 23:45:50
BTC/USD,36836,36845,10-06-21 23:45:40
BTC/USD,36846,36847,10-06-21 23:45:30
BTC/USD,36856,36859,10-06-21 23:45:20
BTC/USD,36871,36876,10-06-21 23:45:10
BTC/USD,36874,36881,10-06-21 23:45:00
BTC/USD,36869,36870,10-06-21 23:44:50
BTC/USD,36874,36875,10-06-21 23:44:40
BTC/USD,36877,36879,10-06-21 23:44:30
BTC/USD,36871,36878,10-06-21 23:44:20
BTC/USD,36879,36887,10-06-21 23:44:10
BTC/USD,36883,36891,10-06-21 23:44:00
BTC/USD,36868,36871,10-06-21 23:43:50
BTC/USD,36871,36872,10-06-21 23:43:40
BTC/USD,36868,36872,10-06-21 23:43:30
BTC/USD,36882,36889,10-06-21 23:43:20
BTC/USD,36898,36903,10-06-21 23:43:10
BTC/USD,36881,36889,10-06-21 23:43:00
BTC/USD,36887,36895,10-06-21 23:42:50
BTC/USD,36858,36871,10-06-21 23:42:40
BTC/USD,36873,36874,10-06-21 23:42:30
BTC/USD,36880,36881,10-06-21 23:42:20
BTC/USD,36893,36899,10-06-21 23:42:10
BTC/USD,36903,36910,10-06-21 23:42:00
BTC/USD,36920,36926,10-06-21 23:41:50
BTC/USD,36918,36925,10-06-21 23:41:40
BTC/USD,36918,36921,10-06-21 23:41:30
BTC/USD,36928,36929,10-06-21 23:41:20
BTC/USD,36919,36929,10-06-21 23:41:10
BTC/USD,36953,36961,10-06-21 23:41:00
BTC/USD,36938,36946,10-06-21 23:40:50
BTC/USD,36943,36951,10-06-21 23:40:40
BTC/USD,36941,36952,10-06-21 23:40:30
BTC/USD,36950,36964,10-06-21 23:40:20
BTC/USD,36969,36970,10-06-21 23:40:10
BTC/USD,36911,36917,10-06-21 23:40:00
BTC/USD,36911,36918,10-06-21 23:39:50
BTC/USD,36910,36919,10-06-21 23:39:40
BTC/USD,36907,36916,10-06-21 23:39:30
BTC/USD,36897,36905,10-06-21 23:39:20
BTC/USD,36911,36912,10-06-21 23:39:10
BTC/USD,36901,36909,10-06-21 23:39:00
BTC/USD,36901,36902,10-06-21 23:38:50
BTC/USD,36897,36901,10-06-21 23:38:40
BTC/USD,36891,36902,10-06-21 23:38:30
BTC/USD,36891,36901,10-06-21 23:38:20
BTC/USD,36896,36902,10-06-21 23:38:10
BTC/USD,36890,36899,10-06-21 23:38:00
BTC/USD,36891,36899,10-06-21 23:37:50
BTC/USD,36896,36903,10-06-21 23:37:40
BTC/USD,36880,36881,10-06-21 23:37:30
BTC/USD,36865,36866,10-06-21 23:37:20
BTC/USD,36858,36862,10-06-21 23:37:10
BTC/USD,36827,36828,10-06-21 23:37:00
BTC/USD,36827,36828,10-06-21 23:36:50
BTC/USD,36827,36828,10-06-21 23:36:40
BTC/USD,36816,36824,10-06-21 23:36:30
BTC/USD,36822,36828,10-06-21 23:36:20
BTC/USD,36811,36818,10-06-21 23:36:10
BTC/USD,36829,36830,10-06-21 23:36:00
BTC/USD,36825,36830,10-06-21 23:35:50
BTC/USD,36823,36830,10-06-21 23:35:40
BTC/USD,36829,36830,10-06-21 23:35:30
BTC/USD,36813,36820,10-06-21 23:35:20
BTC/USD,36789,36800,10-06-21 23:35:10
BTC/USD,36799,36800,10-06-21 23:35:00
BTC/USD,36800,36809,10-06-21 23:34:50
BTC/USD,36808,36817,10-06-21 23:34:40
BTC/USD,36808,36817,10-06-21 23:34:30
BTC/USD,36822,36830,10-06-21 23:34:20
BTC/USD,36802,36813,10-06-21 23:34:10
BTC/USD,36825,36832,10-06-21 23:34:00
BTC/USD,36826,36832,10-06-21 23:33:50
BTC/USD,36830,36833,10-06-21 23:33:40
BTC/USD,36800,36808,10-06-21 23:33:30
BTC/USD,36798,36802,10-06-21 23:33:20
BTC/USD,36812,36819,10-06-21 23:33:10
BTC/USD,36816,36818,10-06-21 23:33:00
BTC/USD,36791,36796,10-06-21 23:32:50
BTC/USD,36817,36819,10-06-21 23:32:40
BTC/USD,36817,36822,10-06-21 23:32:30
BTC/USD,36832,36833,10-06-21 23:32:20
BTC/USD,36832,36839,10-06-21 23:32:10
BTC/USD,36830,36837,10-06-21 23:32:00
BTC/USD,36820,36831,10-06-21 23:31:50
BTC/USD,36814,36824,10-06-21 23:31:40
BTC/USD,36818,36819,10-06-21 23:31:30
BTC/USD,36823,36829,10-06-21 23:31:20
BTC/USD,36796,36797,10-06-21 23:31:10
BTC/USD,36795,36796,10-06-21 23:31:00
BTC/USD,36790,36798,10-06-21 23:30:50
BTC/USD,36794,36802,10-06-21 23:30:40
BTC/USD,36802,36810,10-06-21 23:30:30
BTC/USD,36818,36819,10-06-21 23:30:20
BTC/USD,36792,36793,10-06-21 23:30:10
BTC/USD,36772,36782,10-06-21 23:30:00
BTC/USD,36791,36792,10-06-21 23:29:50
BTC/USD,36791,36792,10-06-21 23:29:40
BTC/USD,36801,36806,10-06-21 23:29:30
BTC/USD,36796,36802,10-06-21 23:29:20
BTC/USD,36808,36809,10-06-21 23:29:10
BTC/USD,36820,36821,10-06-21 23:29:00
BTC/USD,36829,36833,10-06-21 23:28:50
BTC/USD,36830,36834,10-06-21 23:28:40
BTC/USD,36824,36825,10-06-21 23:28:30
BTC/USD,36824,36825,10-06-21 23:28:20
BTC/USD,36822,36832,10-06-21 23:28:10
BTC/USD,36822,36831,10-06-21 23:28:00
BTC/USD,36848,36852,10-06-21 23:27:50
BTC/USD,36824,36825,10-06-21 23:27:40
BTC/USD,36808,36811,10-06-21 23:27:30
BTC/USD,36843,36844,10-06-21 23:27:20
BTC/USD,36848,36858,10-06-21 23:27:10
BTC/USD,36843,36844,10-06-21 23:27:00
BTC/USD,36844,36848,10-06-21 23:26:50
BTC/USD,36859,36860,10-06-21 23:26:40
BTC/USD,36828,36829,10-06-21 23:26:30
BTC/USD,36828,36829,10-06-21 23:26:20
BTC/USD,36828,36829,10-06-21 23:26:10
BTC/USD,36808,36809,10-06-21 23:26:00
BTC/USD,36802,36809,10-06-21 23:25:50
BTC/USD,36808,36809,10-06-21 23:25:40
BTC/USD,36808,36809,10-06-21 23:25:30
BTC/USD,36793,36794,10-06-21 23:25:20
BTC/USD,36783,36792,10-06-21 23:25:10
BTC/USD,36761,36769,10-06-21 23:25:00
BTC/USD,36749,36750,10-06-21 23:24:50
BTC/USD,36752,36760,10-06-21 23:24:40
BTC/USD,36758,36766,10-06-21 23:24:30
BTC/USD,36768,36769,10-06-21 23:24:20
BTC/USD,36751,36752,10-06-21 23:24:10
BTC/USD,36743,36744,10-06-21 23:24:00
BTC/USD,36751,36752,10-06-21 23:23:50
BTC/USD,36733,36734,10-06-21 23:23:40
BTC/USD,36752,36753,10-06-21 23:23:30
BTC/USD,36752,36753,10-06-21 23:23:20
BTC/USD,36735,36746,10-06-21 23:23:10
BTC/USD,36726,36727,10-06-21 23:23:00
BTC/USD,36728,36730,10-06-21 23:22:50
BTC/USD,36722,36730,10-06-21 23:22:40
BTC/USD,36725,36727,10-06-21 23:22:30
BTC/USD,36747,36750,10-06-21 23:22:20
BTC/USD,36763,36770,10-06-21 23:22:10
BTC/USD,36748,36755,10-06-21 23:22:00
BTC/USD,36766,36770,10-06-21 23:21:50
BTC/USD,36767,36768,10-06-21 23:21:40
BTC/USD,36776,36777,10-06-21 23:21:30
BTC/USD,36787,36788,10-06-21 23:21:20
BTC/USD,36796,36800,10-06-21 23:21:10
BTC/USD,36787,36790,10-06-21 23:21:00
BTC/USD,36803,36805,10-06-21 23:20:50
BTC/USD,36805,36806,10-06-21 23:20:40
BTC/USD,36805,36806,10-06-21 23:20:30
BTC/USD,36794,36795,10-06-21 23:20:20
BTC/USD,36787,36791,10-06-21 23:20:10
BTC/USD,36791,36795,10-06-21 23:20:00
BTC/USD,36786,36795,10-06-21 23:19:50
BTC/USD,36794,36805,10-06-21 23:19:40
BTC/USD,36795,36805,10-06-21 23:19:30
BTC/USD,36822,36826,10-06-21 23:19:20
BTC/USD,36810,36818,10-06-21 23:19:10
BTC/USD,36782,36783,10-06-21 23:19:00
BTC/USD,36779,36784,10-06-21 23:18:50
BTC/USD,36790,36795,10-06-21 23:18:40
BTC/USD,36778,36779,10-06-21 23:18:30
BTC/USD,36778,36779,10-06-21 23:18:20
BTC/USD,36778,36788,10-06-21 23:18:10
BTC/USD,36756,36768,10-06-21 23:18:00
BTC/USD,36767,36776,10-06-21 23:17:50
BTC/USD,36782,36784,10-06-21 23:17:40
BTC/USD,36754,36762,10-06-21 23:17:30
BTC/USD,36745,36750,10-06-21 23:17:20
BTC/USD,36745,36746,10-06-21 23:17:10
BTC/USD,36745,36752,10-06-21 23:17:00
BTC/USD,36750,36751,10-06-21 23:16:50
BTC/USD,36751,36752,10-06-21 23:16:40
BTC/USD,36761,36763,10-06-21 23:16:30
BTC/USD,36764,36772,10-06-21 23:16:20
BTC/USD,36767,36768,10-06-21 23:16:10
BTC/USD,36790,36791,10-06-21 23:16:00
BTC/USD,36814,36815,10-06-21 23:15:50
BTC/USD,36814,36820,10-06-21 23:15:40
BTC/USD,36842,36846,10-06-21 23:15:30
BTC/USD,36845,36847,10-06-21 23:15:20
BTC/USD,36849,36854,10-06-21 23:15:10
BTC/USD,36856,36865,10-06-21 23:15:00
BTC/USD,36845,36846,10-06-21 23:14:50
BTC/USD,36848,36849,10-06-21 23:14:40
BTC/USD,36860,36874,10-06-21 23:14:30
BTC/USD,36841,36844,10-06-21 23:14:20
BTC/USD,36834,36844,10-06-21 23:14:10
BTC/USD,36840,36850,10-06-21 23:14:00
BTC/USD,36849,36850,10-06-21 23:13:50
BTC/USD,36839,36840,10-06-21 23:13:40
BTC/USD,36834,36840,10-06-21 23:13:30
BTC/USD,36831,36844,10-06-21 23:13:20
BTC/USD,36851,36858,10-06-21 23:13:10
BTC/USD,36850,36860,10-06-21 23:13:00
BTC/USD,36850,36851,10-06-21 23:12:50
BTC/USD,36849,36850,10-06-21 23:12:40
BTC/USD,36840,36846,10-06-21 23:12:30
BTC/USD,36842,36845,10-06-21 23:12:20
BTC/USD,36832,36838,10-06-21 23:12:10
BTC/USD,36796,36801,10-06-21 23:12:00
BTC/USD,36794,36797,10-06-21 23:11:50
BTC/USD,36799,36800,10-06-21 23:11:40
BTC/USD,36789,36801,10-06-21 23:11:30
BTC/USD,36811,36814,10-06-21 23:11:20
BTC/USD,36796,36809,10-06-21 23:11:10
BTC/USD,36791,36800,10-06-21 23:11:00
BTC/USD,36790,36795,10-06-21 23:10:50
BTC/USD,36788,36789,10-06-21 23:10:40
BTC/USD,36797,36798,10-06-21 23:10:30
BTC/USD,36827,36834,10-06-21 23:10:20
BTC/USD,36839,36845,10-06-21 23:10:10
BTC/USD,36829,36830,10-06-21 23:10:00
BTC/USD,36847,36854,10-06-21 23:09:50
BTC/USD,36849,36852,10-06-21 23:09:40
BTC/USD,36857,36862,10-06-21 23:09:30
BTC/USD,36847,36855,10-06-21 23:09:20
BTC/USD,36846,36854,10-06-21 23:09:10
BTC/USD,36866,36873,10-06-21 23:09:00
BTC/USD,36848,36855,10-06-21 23:08:50
BTC/USD,36849,36855,10-06-21 23:08:40
BTC/USD,36850,36857,10-06-21 23:08:30
BTC/USD,36870,36871,10-06-21 23:08:20
BTC/USD,36871,36872,10-06-21 23:08:10
BTC/USD,36869,36872,10-06-21 23:08:00
BTC/USD,36868,36874,10-06-21 23:07:50
BTC/USD,36881,36889,10-06-21 23:07:40
BTC/USD,36861,36872,10-06-21 23:07:30
BTC/USD,36861,36868,10-06-21 23:07:20
BTC/USD,36881,36892,10-06-21 23:07:10
BTC/USD,36886,36887,10-06-21 23:07:00
BTC/USD,36881,36893,10-06-21 23:06:50
BTC/USD,36903,36904,10-06-21 23:06:40
BTC/USD,36861,36869,10-06-21 23:06:30
BTC/USD,36842,36846,10-06-21 23:06:20
BTC/USD,36839,36846,10-06-21 23:06:10
BTC/USD,36855,36859,10-06-21 23:06:00
BTC/USD,36861,36869,10-06-21 23:05:50
BTC/USD,36844,36849,10-06-21 23:05:40
BTC/USD,36828,36829,10-06-21 23:05:30
BTC/USD,36828,36829,10-06-21 23:05:20
BTC/USD,36807,36814,10-06-21 23:05:10
BTC/USD,36793,36794,10-06-21 23:05:00
BTC/USD,36794,36801,10-06-21 23:04:50
BTC/USD,36762,36772,10-06-21 23:04:40
BTC/USD,36748,36749,10-06-21 23:04:30
BTC/USD,36735,36745,10-06-21 23:04:20
BTC/USD,36768,36777,10-06-21 23:04:10
BTC/USD,36769,36777,10-06-21 23:04:00
BTC/USD,36783,36794,10-06-21 23:03:50
BTC/USD,36770,36773,10-06-21 23:03:40
BTC/USD,36746,36755,10-06-21 23:03:30
BTC/USD,36771,36772,10-06-21 23:03:20
BTC/USD,36806,36814,10-06-21 23:03:10
BTC/USD,36811,36821,10-06-21 23:03:00
BTC/USD,36831,36838,10-06-21 23:02:50
BTC/USD,36846,36854,10-06-21 23:02:40
BTC/USD,36869,36873,10-06-21 23:02:30
BTC/USD,36865,36866,10-06-21 23:02:20
BTC/USD,36865,36866,10-06-21 23:02:10
BTC/USD,36863,36866,10-06-21 23:02:00
BTC/USD,36886,36896,10-06-21 23:01:50
BTC/USD,36911,36918,10-06-21 23:01:40
BTC/USD,36915,36920,10-06-21 23:01:30
BTC/USD,36903,36906,10-06-21 23:01:20
BTC/USD,36897,36898,10-06-21 23:01:10
BTC/USD,36908,36909,10-06-21 23:01:00
BTC/USD,36881,36882,10-06-21 23:00:50
BTC/USD,36881,36882,10-06-21 23:00:40
BTC/USD,36875,36878,10-06-21 23:00:30
BTC/USD,36854,36855,10-06-21 23:00:20
BTC/USD,36842,36851,10-06-21 23:00:10
BTC/USD,36824,36836,10-06-21 23:00:00
BTC/USD,36835,36841,10-06-21 22:59:50
BTC/USD,36835,36839,10-06-21 22:59:40
BTC/USD,36856,36859,10-06-21 22:59:30
BTC/USD,36856,36859,10-06-21 22:59:20
BTC/USD,36871,36877,10-06-21 22:59:10
BTC/USD,36866,36867,10-06-21 22:59:00
BTC/USD,36856,36857,10-06-21 22:58:50
BTC/USD,36839,36847,10-06-21 22:58:40
BTC/USD,36851,36852,10-06-21 22:58:30
BTC/USD,36829,36830,10-06-21 22:58:20
BTC/USD,36827,36829,10-06-21 22:58:10
BTC/USD,36847,36850,10-06-21 22:58:00
BTC/USD,36841,36849,10-06-21 22:57:50
BTC/USD,36843,36848,10-06-21 22:57:40
BTC/USD,36812,36813,10-06-21 22:57:30
BTC/USD,36812,36813,10-06-21 22:57:20
BTC/USD,36811,36813,10-06-21 22:57:10
BTC/USD,36810,36813,10-06-21 22:57:00
BTC/USD,36823,36825,10-06-21 22:56:50
BTC/USD,36823,36830,10-06-21 22:56:40
BTC/USD,36807,36808,10-06-21 22:56:30
BTC/USD,36803,36809,10-06-21 22:56:20
BTC/USD,36817,36818,10-06-21 22:56:10
BTC/USD,36851,36852,10-06-21 22:56:00
BTC/USD,36848,36849,10-06-21 22:55:50
BTC/USD,36848,36849,10-06-21 22:55:40
BTC/USD,36845,36846,10-06-21 22:55:30
BTC/USD,36842,36846,10-06-21 22:55:20
BTC/USD,36813,36819,10-06-21 22:55:10
BTC/USD,36845,36846,10-06-21 22:55:00
BTC/USD,36839,36841,10-06-21 22:54:50
BTC/USD,36835,36837,10-06-21 22:54:40
BTC/USD,36820,36821,10-06-21 22:54:30
BTC/USD,36799,36800,10-06-21 22:54:20
BTC/USD,36799,36800,10-06-21 22:54:10
BTC/USD,36820,36821,10-06-21 22:54:00
BTC/USD,36804,36805,10-06-21 22:53:50
BTC/USD,36801,36802,10-06-21 22:53:40
BTC/USD,36820,36821,10-06-21 22:53:30
BTC/USD,36823,36824,10-06-21 22:53:20
BTC/USD,36828,36829,10-06-21 22:53:10
BTC/USD,36828,36829,10-06-21 22:53:00
BTC/USD,36815,36816,10-06-21 22:52:50
BTC/USD,36807,36810,10-06-21 22:52:40
BTC/USD,36796,36799,10-06-21 22:52:30
BTC/USD,36793,36801,10-06-21 22:52:20
BTC/USD,36784,36788,10-06-21 22:52:10
BTC/USD,36814,36815,10-06-21 22:52:00
BTC/USD,36813,36814,10-06-21 22:51:50
BTC/USD,36779,36780,10-06-21 22:51:40
BTC/USD,36776,36777,10-06-21 22:51:30
BTC/USD,36771,36777,10-06-21 22:51:20
BTC/USD,36768,36772,10-06-21 22:51:10
BTC/USD,36776,36777,10-06-21 22:51:00
BTC/USD,36765,36766,10-06-21 22:50:50
BTC/USD,36757,36758,10-06-21 22:50:40
BTC/USD,36743,36744,10-06-21 22:50:30
BTC/USD,36741,36743,10-06-21 22:50:20
BTC/USD,36740,36742,10-06-21 22:50:10
BTC/USD,36740,36743,10-06-21 22:50:00
BTC/USD,36736,36740,10-06-21 22:49:50
BTC/USD,36723,36729,10-06-21 22:49:40
BTC/USD,36741,36742,10-06-21 22:49:30
BTC/USD,36722,36724,10-06-21 22:49:20
BTC/USD,36733,36745,10-06-21 22:49:10
BTC/USD,36757,36758,10-06-21 22:49:00
BTC/USD,36757,36758,10-06-21 22:48:50
BTC/USD,36757,36759,10-06-21 22:48:40
BTC/USD,36754,36758,10-06-21 22:48:30
BTC/USD,36748,36756,10-06-21 22:48:20
BTC/USD,36775,36776,10-06-21 22:48:10
BTC/USD,36775,36776,10-06-21 22:48:00
BTC/USD,36780,36781,10-06-21 22:47:50
BTC/USD,36775,36776,10-06-21 22:47:40
BTC/USD,36758,36759,10-06-21 22:47:30
BTC/USD,36758,36759,10-06-21 22:47:20
BTC/USD,36731,36732,10-06-21 22:47:10
BTC/USD,36758,36759,10-06-21 22:47:00
BTC/USD,36738,36739,10-06-21 22:46:50
BTC/USD,36733,36734,10-06-21 22:46:40
BTC/USD,36717,36718,10-06-21 22:46:30
BTC/USD,36721,36722,10-06-21 22:46:20
BTC/USD,36723,36724,10-06-21 22:46:10
BTC/USD,36721,36722,10-06-21 22:46:00
BTC/USD,36719,36720,10-06-21 22:45:50
BTC/USD,36733,36734,10-06-21 22:45:40
BTC/USD,36718,36719,10-06-21 22:45:30
BTC/USD,36697,36698,10-06-21 22:45:20
BTC/USD,36664,36665,10-06-21 22:45:10
BTC/USD,36691,36692,10-06-21 22:45:00
BTC/USD,36678,36686,10-06-21 22:44:50
BTC/USD,36690,36695,10-06-21 22:44:40
BTC/USD,36703,36704,10-06-21 22:44:30
BTC/USD,36704,36707,10-06-21 22:44:20
BTC/USD,36693,36697,10-06-21 22:44:10
BTC/USD,36689,36694,10-06-21 22:44:00
BTC/USD,36674,36679,10-06-21 22:43:50
BTC/USD,36691,36696,10-06-21 22:43:40
BTC/USD,36698,36699,10-06-21 22:43:30
BTC/USD,36661,36662,10-06-21 22:43:20
BTC/USD,36698,36699,10-06-21 22:43:10
BTC/USD,36698,36699,10-06-21 22:43:00
BTC/USD,36677,36678,10-06-21 22:42:50
BTC/USD,36678,36679,10-06-21 22:42:40
BTC/USD,36666,36667,10-06-21 22:42:30
BTC/USD,36658,36659,10-06-21 22:42:20
BTC/USD,36644,36645,10-06-21 22:42:10
BTC/USD,36635,36636,10-06-21 22:42:00
BTC/USD,36644,36645,10-06-21 22:41:50
BTC/USD,36636,36641,10-06-21 22:41:40
BTC/USD,36630,36631,10-06-21 22:41:30
BTC/USD,36651,36652,10-06-21 22:41:20
BTC/USD,36653,36654,10-06-21 22:41:10
BTC/USD,36650,36652,10-06-21 22:41:00
BTC/USD,36651,36656,10-06-21 22:40:50
BTC/USD,36638,36639,10-06-21 22:40:40
BTC/USD,36635,36639,10-06-21 22:40:30
BTC/USD,36625,36631,10-06-21 22:40:20
BTC/USD,36616,36617,10-06-21 22:40:10
BTC/USD,36616,36617,10-06-21 22:40:00
BTC/USD,36601,36607,10-06-21 22:39:50
BTC/USD,36624,36625,10-06-21 22:39:40
BTC/USD,36623,36626,10-06-21 22:39:30
BTC/USD,36616,36622,10-06-21 22:39:20
BTC/USD,36607,36608,10-06-21 22:39:10
BTC/USD,36602,36609,10-06-21 22:39:00
BTC/USD,36604,36605,10-06-21 22:38:50
BTC/USD,36598,36599,10-06-21 22:38:40
BTC/USD,36644,36645,10-06-21 22:38:30
BTC/USD,36644,36645,10-06-21 22:38:20
BTC/USD,36645,36653,10-06-21 22:38:10
BTC/USD,36654,36661,10-06-21 22:38:00
BTC/USD,36656,36657,10-06-21 22:37:50
BTC/USD,36666,36678,10-06-21 22:37:40
BTC/USD,36685,36686,10-06-21 22:37:30
BTC/USD,36644,36645,10-06-21 22:37:20
BTC/USD,36679,36680,10-06-21 22:37:10
BTC/USD,36698,36699,10-06-21 22:37:00
BTC/USD,36704,36705,10-06-21 22:36:50
BTC/USD,36716,36722,10-06-21 22:36:40
BTC/USD,36716,36718,10-06-21 22:36:30
BTC/USD,36716,36717,10-06-21 22:36:20
BTC/USD,36716,36717,10-06-21 22:36:10
BTC/USD,36718,36719,10-06-21 22:36:00
BTC/USD,36718,36719,10-06-21 22:35:50
BTC/USD,36725,36732,10-06-21 22:35:40
BTC/USD,36735,36736,10-06-21 22:35:30
BTC/USD,36755,36756,10-06-21 22:35:20
BTC/USD,36725,36726,10-06-21 22:35:10
BTC/USD,36710,36716,10-06-21 22:35:00
BTC/USD,36711,36716,10-06-21 22:34:50
BTC/USD,36710,36711,10-06-21 22:34:40
BTC/USD,36729,36734,10-06-21 22:34:30
BTC/USD,36738,36739,10-06-21 22:34:20
BTC/USD,36738,36739,10-06-21 22:34:10
BTC/USD,36741,36745,10-06-21 22:34:00
BTC/USD,36726,36727,10-06-21 22:33:50
BTC/USD,36722,36723,10-06-21 22:33:40
BTC/USD,36727,36728,10-06-21 22:33:30
BTC/USD,36726,36727,10-06-21 22:33:20
BTC/USD,36733,36744,10-06-21 22:33:10
BTC/USD,36760,36766,10-06-21 22:33:00
BTC/USD,36743,36748,10-06-21 22:32:50
BTC/USD,36743,36750,10-06-21 22:32:40
BTC/USD,36736,36744,10-06-21 22:32:30
BTC/USD,36740,36750,10-06-21 22:32:20
BTC/USD,36754,36755,10-06-21 22:32:10
BTC/USD,36691,36692,10-06-21 22:32:00
BTC/USD,36702,36704,10-06-21 22:31:50
BTC/USD,36691,36692,10-06-21 22:31:40
BTC/USD,36718,36719,10-06-21 22:31:30
BTC/USD,36729,36734,10-06-21 22:31:20
BTC/USD,36735,36737,10-06-21 22:31:10
BTC/USD,36749,36753,10-06-21 22:31:00
BTC/USD,36767,36768,10-06-21 22:30:50
BTC/USD,36762,36763,10-06-21 22:30:40
BTC/USD,36761,36762,10-06-21 22:30:30
BTC/USD,36760,36769,10-06-21 22:30:20
BTC/USD,36778,36781,10-06-21 22:30:10
BTC/USD,36774,36781,10-06-21 22:30:00
BTC/USD,36735,36743,10-06-21 22:29:50
BTC/USD,36766,36767,10-06-21 22:29:40
BTC/USD,36758,36767,10-06-21 22:29:30
BTC/USD,36751,36757,10-06-21 22:29:20
BTC/USD,36743,36750,10-06-21 22:29:10
BTC/USD,36790,36795,10-06-21 22:29:00
BTC/USD,36766,36772,10-06-21 22:28:50
BTC/USD,36789,36794,10-06-21 22:28:40
BTC/USD,36723,36729,10-06-21 22:28:30
BTC/USD,36727,36728,10-06-21 22:28:20
BTC/USD,36743,36744,10-06-21 22:28:10
BTC/USD,36741,36753,10-06-21 22:28:00
BTC/USD,36720,36721,10-06-21 22:27:50
BTC/USD,36753,36754,10-06-21 22:27:40
BTC/USD,36772,36781,10-06-21 22:27:30
BTC/USD,36791,36792,10-06-21 22:27:20
BTC/USD,36800,36801,10-06-21 22:27:10
BTC/USD,36800,36801,10-06-21 22:27:00
BTC/USD,36819,36820,10-06-21 22:26:50
BTC/USD,36819,36820,10-06-21 22:26:40
BTC/USD,36819,36820,10-06-21 22:26:30
BTC/USD,36819,36820,10-06-21 22:26:20
BTC/USD,36819,36825,10-06-21 22:26:10
BTC/USD,36824,36832,10-06-21 22:26:00
BTC/USD,36840,36845,10-06-21 22:25:50
BTC/USD,36820,36831,10-06-21 22:25:40
BTC/USD,36815,36828,10-06-21 22:25:30
BTC/USD,36853,36865,10-06-21 22:25:20
BTC/USD,36895,36896,10-06-21 22:25:10
BTC/USD,36866,36867,10-06-21 22:25:00
BTC/USD,36861,36862,10-06-21 22:24:50
BTC/USD,36828,36834,10-06-21 22:24:40
BTC/USD,36846,36847,10-06-21 22:24:30
BTC/USD,36846,36847,10-06-21 22:24:20
BTC/USD,36818,36826,10-06-21 22:24:10
BTC/USD,36842,36850,10-06-21 22:24:00
BTC/USD,36843,36851,10-06-21 22:23:50
BTC/USD,36836,36837,10-06-21 22:23:40
BTC/USD,36823,36825,10-06-21 22:23:30
BTC/USD,36793,36794,10-06-21 22:23:20
BTC/USD,36805,36806,10-06-21 22:23:10
BTC/USD,36814,36815,10-06-21 22:23:00
BTC/USD,36814,36819,10-06-21 22:22:50
BTC/USD,36790,36794,10-06-21 22:22:40
BTC/USD,36787,36792,10-06-21 22:22:30
BTC/USD,36819,36823,10-06-21 22:22:20
BTC/USD,36817,36822,10-06-21 22:22:10
BTC/USD,36815,36819,10-06-21 22:22:00
BTC/USD,36810,36819,10-06-21 22:21:50
BTC/USD,36790,36795,10-06-21 22:21:40
BTC/USD,36818,36819,10-06-21 22:21:30
BTC/USD,36850,36851,10-06-21 22:21:20
BTC/USD,36869,36870,10-06-21 22:21:10
BTC/USD,36869,36870,10-06-21 22:21:00
BTC/USD,36867,36869,10-06-21 22:20:50
BTC/USD,36866,36867,10-06-21 22:20:40
BTC/USD,36886,36887,10-06-21 22:20:30
BTC/USD,36885,36886,10-06-21 22:20:20
BTC/USD,36914,36915,10-06-21 22:20:10
BTC/USD,36947,36951,10-06-21 22:20:00
BTC/USD,36954,36961,10-06-21 22:19:50
BTC/USD,36954,36962,10-06-21 22:19:40
BTC/USD,36958,36965,10-06-21 22:19:30
BTC/USD,36965,36974,10-06-21 22:19:20
BTC/USD,36924,36932,10-06-21 22:19:10
BTC/USD,36947,36950,10-06-21 22:19:00
BTC/USD,36971,36972,10-06-21 22:18:50
BTC/USD,36971,36972,10-06-21 22:18:40
BTC/USD,36951,36952,10-06-21 22:18:30
BTC/USD,36985,36989,10-06-21 22:18:20
BTC/USD,36990,36994,10-06-21 22:18:10
BTC/USD,37005,37012,10-06-21 22:18:00
BTC/USD,36993,36997,10-06-21 22:17:50
BTC/USD,37009,37017,10-06-21 22:17:40
BTC/USD,37016,37018,10-06-21 22:17:30
BTC/USD,37011,37019,10-06-21 22:17:20
BTC/USD,36973,36983,10-06-21 22:17:10
BTC/USD,37027,37034,10-06-21 22:17:00
BTC/USD,37021,37026,10-06-21 22:16:50
BTC/USD,37066,37071,10-06-21 22:16:40
BTC/USD,37034,37042,10-06-21 22:16:30
BTC/USD,36961,36962,10-06-21 22:16:20
BTC/USD,36959,36967,10-06-21 22:16:10
BTC/USD,36989,36990,10-06-21 22:16:00
BTC/USD,36956,36964,10-06-21 22:15:50
BTC/USD,36950,36961,10-06-21 22:15:40
BTC/USD,36954,36955,10-06-21 22:15:30
BTC/USD,36986,36987,10-06-21 22:15:20
BTC/USD,36915,36916,10-06-21 22:15:10
BTC/USD,36869,36874,10-06-21 22:15:00
BTC/USD,36846,36853,10-06-21 22:14:50
BTC/USD,36826,36827,10-06-21 22:14:40
BTC/USD,36820,36826,10-06-21 22:14:30
BTC/USD,36828,36829,10-06-21 22:14:20
BTC/USD,36828,36829,10-06-21 22:14:10
BTC/USD,36862,36871,10-06-21 22:14:00
BTC/USD,36861,36866,10-06-21 22:13:50
BTC/USD,36855,36860,10-06-21 22:13:40
BTC/USD,36818,36828,10-06-21 22:13:30
BTC/USD,36825,36840,10-06-21 22:13:20
BTC/USD,36875,36878,10-06-21 22:13:10
BTC/USD,36758,36769,10-06-21 22:13:00
BTC/USD,36715,36717,10-06-21 22:12:50
BTC/USD,36700,36701,10-06-21 22:12:40
BTC/USD,36689,36690,10-06-21 22:12:30
BTC/USD,36665,36666,10-06-21 22:12:20
BTC/USD,36670,36678,10-06-21 22:12:10
BTC/USD,36685,36686,10-06-21 22:12:00
BTC/USD,36685,36686,10-06-21 22:11:50
BTC/USD,36685,36686,10-06-21 22:11:40
BTC/USD,36668,36674,10-06-21 22:11:30
BTC/USD,36659,36666,10-06-21 22:11:20
BTC/USD,36647,36649,10-06-21 22:11:10
BTC/USD,36646,36651,10-06-21 22:11:00
BTC/USD,36649,36655,10-06-21 22:10:50
BTC/USD,36666,36670,10-06-21 22:10:40
BTC/USD,36666,36668,10-06-21 22:10:30
BTC/USD,36678,36686,10-06-21 22:10:20
BTC/USD,36678,36685,10-06-21 22:10:10
BTC/USD,36691,36692,10-06-21 22:10:00
BTC/USD,36698,36699,10-06-21 22:09:50
BTC/USD,36698,36699,10-06-21 22:09:40
BTC/USD,36687,36688,10-06-21 22:09:30
BTC/USD,36667,36668,10-06-21 22:09:20
BTC/USD,36660,36661,10-06-21 22:09:10
BTC/USD,36652,36658,10-06-21 22:09:00
BTC/USD,36639,36640,10-06-21 22:08:50
BTC/USD,36638,36640,10-06-21 22:08:40
BTC/USD,36639,36640,10-06-21 22:08:30
BTC/USD,36631,36632,10-06-21 22:08:20
BTC/USD,36631,36632,10-06-21 22:08:10
BTC/USD,36631,36632,10-06-21 22:08:00
BTC/USD,36630,36631,10-06-21 22:07:50
BTC/USD,36629,36630,10-06-21 22:07:40
BTC/USD,36641,36642,10-06-21 22:07:30
BTC/USD,36641,36642,10-06-21 22:07:20
BTC/USD,36641,36642,10-06-21 22:07:10
BTC/USD,36640,36644,10-06-21 22:07:00
BTC/USD,36627,36629,10-06-21 22:06:50
BTC/USD,36628,36629,10-06-21 22:06:40
BTC/USD,36626,36631,10-06-21 22:06:30
BTC/USD,36624,36633,10-06-21 22:06:20
BTC/USD,36624,36627,10-06-21 22:06:10
BTC/USD,36660,36661,10-06-21 22:06:00
BTC/USD,36660,36661,10-06-21 22:05:50
BTC/USD,36660,36661,10-06-21 22:05:40
BTC/USD,36660,36661,10-06-21 22:05:30
BTC/USD,36654,36659,10-06-21 22:05:20
BTC/USD,36646,36647,10-06-21 22:05:10
BTC/USD,36651,36654,10-06-21 22:05:00
BTC/USD,36651,36652,10-06-21 22:04:50
BTC/USD,36648,36651,10-06-21 22:04:40
BTC/USD,36636,36637,10-06-21 22:04:30
BTC/USD,36634,36637,10-06-21 22:04:20
BTC/USD,36624,36625,10-06-21 22:04:10
BTC/USD,36623,36626,10-06-21 22:04:00
BTC/USD,36652,36653,10-06-21 22:03:50
BTC/USD,36657,36658,10-06-21 22:03:40
BTC/USD,36657,36658,10-06-21 22:03:30
BTC/USD,36657,36658,10-06-21 22:03:20
BTC/USD,36657,36658,10-06-21 22:03:10
BTC/USD,36657,36658,10-06-21 22:03:00
BTC/USD,36653,36657,10-06-21 22:02:50
BTC/USD,36645,36646,10-06-21 22:02:40
BTC/USD,36645,36646,10-06-21 22:02:30
BTC/USD,36642,36643,10-06-21 22:02:20
BTC/USD,36617,36618,10-06-21 22:02:10
BTC/USD,36616,36617,10-06-21 22:02:00
BTC/USD,36614,36617,10-06-21 22:01:50
BTC/USD,36611,36617,10-06-21 22:01:40
BTC/USD,36619,36623,10-06-21 22:01:30
BTC/USD,36620,36625,10-06-21 22:01:20
BTC/USD,36612,36613,10-06-21 22:01:10
BTC/USD,36648,36654,10-06-21 22:01:00
BTC/USD,36675,36676,10-06-21 22:00:50
BTC/USD,36678,36679,10-06-21 22:00:40
BTC/USD,36674,36681,10-06-21 22:00:30
BTC/USD,36707,36711,10-06-21 22:00:20
BTC/USD,36704,36705,10-06-21 22:00:10
BTC/USD,36692,36693,10-06-21 22:00:00
BTC/USD,36652,36653,10-06-21 21:59:50
BTC/USD,36651,36652,10-06-21 21:59:40
BTC/USD,36648,36652,10-06-21 21:59:30
BTC/USD,36592,36594,10-06-21 21:59:20
BTC/USD,36594,36597,10-06-21 21:59:10
BTC/USD,36599,36600,10-06-21 21:59:00
BTC/USD,36599,36604,10-06-21 21:58:50
BTC/USD,36605,36607,10-06-21 21:58:40
BTC/USD,36616,36617,10-06-21 21:58:30
BTC/USD,36616,36617,10-06-21 21:58:20
BTC/USD,36616,36617,10-06-21 21:58:10
BTC/USD,36616,36617,10-06-21 21:58:00
BTC/USD,36616,36617,10-06-21 21:57:50
BTC/USD,36616,36617,10-06-21 21:57:40
BTC/USD,36616,36617,10-06-21 21:57:30
BTC/USD,36615,36617,10-06-21 21:57:20
BTC/USD,36613,36616,10-06-21 21:57:10
BTC/USD,36611,36615,10-06-21 21:57:00
BTC/USD,36611,36612,10-06-21 21:56:50
BTC/USD,36611,36612,10-06-21 21:56:40
BTC/USD,36602,36603,10-06-21 21:56:30
BTC/USD,36602,36605,10-06-21 21:56:20
BTC/USD,36611,36612,10-06-21 21:56:10
BTC/USD,36611,36612,10-06-21 21:56:00
BTC/USD,36611,36613,10-06-21 21:55:50
BTC/USD,36613,36614,10-06-21 21:55:40
BTC/USD,36645,36646,10-06-21 21:55:30
BTC/USD,36639,36640,10-06-21 21:55:20
BTC/USD,36637,36639,10-06-21 21:55:10
BTC/USD,36634,36639,10-06-21 21:55:00
BTC/USD,36634,36637,10-06-21 21:54:50
BTC/USD,36638,36645,10-06-21 21:54:40
BTC/USD,36657,36663,10-06-21 21:54:30
BTC/USD,36682,36683,10-06-21 21:54:20
BTC/USD,36666,36673,10-06-21 21:54:10
BTC/USD,36675,36684,10-06-21 21:54:00
BTC/USD,36684,36685,10-06-21 21:53:50
BTC/USD,36703,36704,10-06-21 21:53:40
BTC/USD,36665,36666,10-06-21 21:53:30
BTC/USD,36647,36648,10-06-21 21:53:20
BTC/USD,36638,36640,10-06-21 21:53:10
BTC/USD,36638,36639,10-06-21 21:53:00
BTC/USD,36628,36629,10-06-21 21:52:50
BTC/USD,36628,36629,10-06-21 21:52:40
BTC/USD,36628,36629,10-06-21 21:52:30
BTC/USD,36608,36610,10-06-21 21:52:20
BTC/USD,36608,36609,10-06-21 21:52:10
BTC/USD,36608,36613,10-06-21 21:52:00
BTC/USD,36608,36609,10-06-21 21:51:50
BTC/USD,36608,36609,10-06-21 21:51:40
BTC/USD,36608,36609,10-06-21 21:51:30
BTC/USD,36608,36609,10-06-21 21:51:20
BTC/USD,36617,36618,10-06-21 21:51:10
BTC/USD,36614,36618,10-06-21 21:51:00
BTC/USD,36613,36619,10-06-21 21:50:50
BTC/USD,36613,36621,10-06-21 21:50:40
BTC/USD,36612,36622,10-06-21 21:50:30
BTC/USD,36628,36633,10-06-21 21:50:20
BTC/USD,36604,36609,10-06-21 21:50:10
BTC/USD,36604,36610,10-06-21 21:50:00
BTC/USD,36602,36609,10-06-21 21:49:50
BTC/USD,36593,36605,10-06-21 21:49:40
BTC/USD,36595,36605,10-06-21 21:49:30
BTC/USD,36625,36627,10-06-21 21:49:20
BTC/USD,36626,36633,10-06-21 21:49:10
BTC/USD,36627,36633,10-06-21 21:49:00
BTC/USD,36612,36620,10-06-21 21:48:50
BTC/USD,36585,36591,10-06-21 21:48:40
BTC/USD,36585,36592,10-06-21 21:48:30
BTC/USD,36572,36577,10-06-21 21:48:20
BTC/USD,36595,36597,10-06-21 21:48:10
BTC/USD,36595,36602,10-06-21 21:48:00
BTC/USD,36600,36604,10-06-21 21:47:50
BTC/USD,36602,36608,10-06-21 21:47:40
BTC/USD,36605,36614,10-06-21 21:47:30
BTC/USD,36604,36611,10-06-21 21:47:20
BTC/USD,36632,36635,10-06-21 21:47:10
BTC/USD,36636,36642,10-06-21 21:47:00
BTC/USD,36633,36639,10-06-21 21:46:50
BTC/USD,36632,36633,10-06-21 21:46:40
BTC/USD,36603,36611,10-06-21 21:46:30
BTC/USD,36599,36605,10-06-21 21:46:20
BTC/USD,36611,36612,10-06-21 21:46:10
BTC/USD,36631,36632,10-06-21 21:46:00
BTC/USD,36641,36644,10-06-21 21:45:50
BTC/USD,36639,36646,10-06-21 21:45:40
BTC/USD,36639,36646,10-06-21 21:45:30
BTC/USD,36649,36655,10-06-21 21:45:20
BTC/USD,36663,36666,10-06-21 21:45:10
BTC/USD,36675,36679,10-06-21 21:45:00
BTC/USD,36675,36685,10-06-21 21:44:50
BTC/USD,36663,36669,10-06-21 21:44:40
BTC/USD,36665,36677,10-06-21 21:44:30
BTC/USD,36690,36691,10-06-21 21:44:20
BTC/USD,36654,36655,10-06-21 21:44:10
BTC/USD,36649,36657,10-06-21 21:44:00
BTC/USD,36650,36652,10-06-21 21:43:50
BTC/USD,36642,36645,10-06-21 21:43:40
BTC/USD,36642,36653,10-06-21 21:43:30
BTC/USD,36653,36655,10-06-21 21:43:20
BTC/USD,36657,36662,10-06-21 21:43:10
BTC/USD,36660,36664,10-06-21 21:43:00
BTC/USD,36661,36662,10-06-21 21:42:50
BTC/USD,36659,36666,10-06-21 21:42:40
BTC/USD,36662,36669,10-06-21 21:42:30
BTC/USD,36651,36659,10-06-21 21:42:20
BTC/USD,36632,36637,10-06-21 21:42:10
BTC/USD,36631,36632,10-06-21 21:42:00
BTC/USD,36634,36652,10-06-21 21:41:50
BTC/USD,36651,36658,10-06-21 21:41:40
BTC/USD,36675,36684,10-06-21 21:41:30
BTC/USD,36693,36697,10-06-21 21:41:20
BTC/USD,36693,36700,10-06-21 21:41:10
BTC/USD,36675,36684,10-06-21 21:41:00
BTC/USD,36678,36687,10-06-21 21:40:50
BTC/USD,36690,36701,10-06-21 21:40:40
BTC/USD,36700,36708,10-06-21 21:40:30
BTC/USD,36715,36723,10-06-21 21:40:20
BTC/USD,36717,36723,10-06-21 21:40:10
BTC/USD,36717,36723,10-06-21 21:40:00
BTC/USD,36718,36723,10-06-21 21:39:50
BTC/USD,36695,36705,10-06-21 21:39:40
BTC/USD,36712,36717,10-06-21 21:39:30
BTC/USD,36709,36710,10-06-21 21:39:20
BTC/USD,36665,36666,10-06-21 21:39:10
BTC/USD,36630,36633,10-06-21 21:39:00
BTC/USD,36604,36608,10-06-21 21:38:50
BTC/USD,36606,36616,10-06-21 21:38:40
BTC/USD,36624,36626,10-06-21 21:38:30
BTC/USD,36596,36606,10-06-21 21:38:20
BTC/USD,36582,36583,10-06-21 21:38:10
BTC/USD,36569,36577,10-06-21 21:38:00
BTC/USD,36564,36565,10-06-21 21:37:50
BTC/USD,36560,36561,10-06-21 21:37:40
BTC/USD,36558,36561,10-06-21 21:37:30
BTC/USD,36554,36561,10-06-21 21:37:20
BTC/USD,36561,36565,10-06-21 21:37:10
BTC/USD,36565,36569,10-06-21 21:37:00
BTC/USD,36571,36572,10-06-21 21:36:50
BTC/USD,36571,36572,10-06-21 21:36:40
BTC/USD,36572,36577,10-06-21 21:36:30
BTC/USD,36576,36579,10-06-21 21:36:20
BTC/USD,36576,36584,10-06-21 21:36:10
BTC/USD,36582,36586,10-06-21 21:36:00
BTC/USD,36597,36606,10-06-21 21:35:50
BTC/USD,36611,36619,10-06-21 21:35:40
BTC/USD,36615,36623,10-06-21 21:35:30
BTC/USD,36621,36632,10-06-21 21:35:20
BTC/USD,36638,36639,10-06-21 21:35:10
BTC/USD,36638,36639,10-06-21 21:35:00
BTC/USD,36609,36614,10-06-21 21:34:50
BTC/USD,36594,36598,10-06-21 21:34:40
BTC/USD,36581,36582,10-06-21 21:34:30
BTC/USD,36579,36580,10-06-21 21:34:20
BTC/USD,36574,36579,10-06-21 21:34:10
BTC/USD,36571,36575,10-06-21 21:34:00
BTC/USD,36571,36575,10-06-21 21:33:50
BTC/USD,36571,36574,10-06-21 21:33:40
BTC/USD,36569,36570,10-06-21 21:33:30
BTC/USD,36569,36570,10-06-21 21:33:20
BTC/USD,36569,36572,10-06-21 21:33:10
BTC/USD,36569,36573,10-06-21 21:33:00
BTC/USD,36577,36578,10-06-21 21:32:50
BTC/USD,36583,36584,10-06-21 21:32:40
BTC/USD,36569,36571,10-06-21 21:32:30
BTC/USD,36569,36572,10-06-21 21:32:20
BTC/USD,36563,36570,10-06-21 21:32:10
BTC/USD,36570,36576,10-06-21 21:32:00
BTC/USD,36602,36603,10-06-21 21:31:50
BTC/USD,36602,36608,10-06-21 21:31:40
BTC/USD,36615,36617,10-06-21 21:31:30
BTC/USD,36616,36617,10-06-21 21:31:20
BTC/USD,36614,36615,10-06-21 21:31:10
BTC/USD,36602,36612,10-06-21 21:31:00
BTC/USD,36592,36593,10-06-21 21:30:50
BTC/USD,36555,36558,10-06-21 21:30:40
BTC/USD,36557,36568,10-06-21 21:30:30
BTC/USD,36601,36602,10-06-21 21:30:20
BTC/USD,36611,36614,10-06-21 21:30:10
BTC/USD,36618,36619,10-06-21 21:30:00
BTC/USD,36637,36638,10-06-21 21:29:50
BTC/USD,36619,36620,10-06-21 21:29:40
BTC/USD,36611,36612,10-06-21 21:29:30
BTC/USD,36616,36617,10-06-21 21:29:20
BTC/USD,36615,36625,10-06-21 21:29:10
BTC/USD,36631,36632,10-06-21 21:29:00
BTC/USD,36631,36637,10-06-21 21:28:50
BTC/USD,36631,36632,10-06-21 21:28:40
BTC/USD,36631,36632,10-06-21 21:28:30
BTC/USD,36631,36638,10-06-21 21:28:20
BTC/USD,36648,36650,10-06-21 21:28:10
BTC/USD,36649,36660,10-06-21 21:28:00
BTC/USD,36666,36667,10-06-21 21:27:50
BTC/USD,36618,36619,10-06-21 21:27:40
BTC/USD,36618,36619,10-06-21 21:27:30
BTC/USD,36563,36567,10-06-21 21:27:20
BTC/USD,36562,36571,10-06-21 21:27:10
BTC/USD,36573,36577,10-06-21 21:27:00
BTC/USD,36580,36581,10-06-21 21:26:50
BTC/USD,36580,36581,10-06-21 21:26:40
BTC/USD,36573,36580,10-06-21 21:26:30
BTC/USD,36583,36584,10-06-21 21:26:20
BTC/USD,36596,36603,10-06-21 21:26:10
BTC/USD,36609,36615,10-06-21 21:26:00
BTC/USD,36631,36639,10-06-21 21:25:50
BTC/USD,36566,36572,10-06-21 21:25:40
BTC/USD,36575,36576,10-06-21 21:25:30
BTC/USD,36489,36494,10-06-21 21:25:20
BTC/USD,36479,36486,10-06-21 21:25:10
BTC/USD,36469,36472,10-06-21 21:25:00
BTC/USD,36483,36484,10-06-21 21:24:50
BTC/USD,36439,36443,10-06-21 21:24:40
BTC/USD,36434,36435,10-06-21 21:24:30
BTC/USD,36431,36439,10-06-21 21:24:20
BTC/USD,36424,36425,10-06-21 21:24:10
BTC/USD,36424,36425,10-06-21 21:24:00
BTC/USD,36424,36425,10-06-21 21:23:50
BTC/USD,36424,36425,10-06-21 21:23:40
BTC/USD,36424,36425,10-06-21 21:23:30
BTC/USD,36437,36438,10-06-21 21:23:20
BTC/USD,36433,36443,10-06-21 21:23:10
BTC/USD,36458,36462,10-06-21 21:23:00
BTC/USD,36458,36462,10-06-21 21:22:50
BTC/USD,36439,36440,10-06-21 21:22:40
BTC/USD,36432,36433,10-06-21 21:22:30
BTC/USD,36414,36419,10-06-21 21:22:20
BTC/USD,36424,36425,10-06-21 21:22:10
BTC/USD,36419,36422,10-06-21 21:22:00
BTC/USD,36393,36396,10-06-21 21:21:50
BTC/USD,36368,36375,10-06-21 21:21:40
BTC/USD,36343,36348,10-06-21 21:21:30
BTC/USD,36343,36344,10-06-21 21:21:20
BTC/USD,36348,36350,10-06-21 21:21:10
BTC/USD,36348,36350,10-06-21 21:21:00
BTC/USD,36335,36339,10-06-21 21:20:50
BTC/USD,36363,36364,10-06-21 21:20:40
BTC/USD,36363,36364,10-06-21 21:20:30
BTC/USD,36397,36398,10-06-21 21:20:20
BTC/USD,36396,36403,10-06-21 21:20:10
BTC/USD,36398,36405,10-06-21 21:20:00
BTC/USD,36402,36404,10-06-21 21:19:50
BTC/USD,36402,36406,10-06-21 21:19:40
BTC/USD,36402,36408,10-06-21 21:19:30
BTC/USD,36409,36410,10-06-21 21:19:20
BTC/USD,36407,36409,10-06-21 21:19:10
BTC/USD,36403,36411,10-06-21 21:19:00
BTC/USD,36401,36407,10-06-21 21:18:50
BTC/USD,36398,36410,10-06-21 21:18:40
BTC/USD,36417,36420,10-06-21 21:18:30
BTC/USD,36392,36393,10-06-21 21:18:20
BTC/USD,36380,36381,10-06-21 21:18:10
BTC/USD,36363,36364,10-06-21 21:18:00
BTC/USD,36339,36340,10-06-21 21:17:50
BTC/USD,36318,36326,10-06-21 21:17:40
BTC/USD,36306,36314,10-06-21 21:17:30
BTC/USD,36281,36291,10-06-21 21:17:20
BTC/USD,36280,36289,10-06-21 21:17:10
BTC/USD,36283,36289,10-06-21 21:17:00
BTC/USD,36287,36294,10-06-21 21:16:50
BTC/USD,36288,36298,10-06-21 21:16:40
BTC/USD,36299,36301,10-06-21 21:16:30
BTC/USD,36299,36307,10-06-21 21:16:20
BTC/USD,36293,36301,10-06-21 21:16:10
BTC/USD,36288,36296,10-06-21 21:16:00
BTC/USD,36308,36311,10-06-21 21:15:50
BTC/USD,36295,36296,10-06-21 21:15:40
BTC/USD,36258,36259,10-06-21 21:15:30
BTC/USD,36235,36236,10-06-21 21:15:20
BTC/USD,36215,36216,10-06-21 21:15:10
BTC/USD,36194,36200,10-06-21 21:15:00
BTC/USD,36186,36192,10-06-21 21:14:50
BTC/USD,36188,36195,10-06-21 21:14:40
BTC/USD,36191,36194,10-06-21 21:14:30
BTC/USD,36217,36219,10-06-21 21:14:20
BTC/USD,36214,36215,10-06-21 21:14:10
BTC/USD,36214,36219,10-06-21 21:14:00
BTC/USD,36214,36219,10-06-21 21:13:50
BTC/USD,36206,36211,10-06-21 21:13:40
BTC/USD,36177,36184,10-06-21 21:13:30
BTC/USD,36171,36183,10-06-21 21:13:20
BTC/USD,36162,36164,10-06-21 21:13:10
BTC/USD,36177,36178,10-06-21 21:13:00
BTC/USD,36194,36199,10-06-21 21:12:50
BTC/USD,36215,36216,10-06-21 21:12:40
BTC/USD,36194,36198,10-06-21 21:12:30
BTC/USD,36192,36195,10-06-21 21:12:20
BTC/USD,36192,36197,10-06-21 21:12:10
BTC/USD,36194,36196,10-06-21 21:12:00
BTC/USD,36219,36229,10-06-21 21:11:50
BTC/USD,36223,36229,10-06-21 21:11:40
BTC/USD,36221,36231,10-06-21 21:11:30
BTC/USD,36231,36234,10-06-21 21:11:20
BTC/USD,36261,36262,10-06-21 21:11:10
BTC/USD,36260,36268,10-06-21 21:11:00
BTC/USD,36263,36273,10-06-21 21:10:50
BTC/USD,36271,36277,10-06-21 21:10:40
BTC/USD,36291,36292,10-06-21 21:10:30
BTC/USD,36320,36321,10-06-21 21:10:20
BTC/USD,36320,36321,10-06-21 21:10:10
BTC/USD,36320,36321,10-06-21 21:10:00
BTC/USD,36317,36321,10-06-21 21:09:50
BTC/USD,36317,36319,10-06-21 21:09:40
BTC/USD,36321,36327,10-06-21 21:09:30
BTC/USD,36320,36321,10-06-21 21:09:20
BTC/USD,36321,36328,10-06-21 21:09:10
BTC/USD,36304,36312,10-06-21 21:09:00
BTC/USD,36301,36308,10-06-21 21:08:50
BTC/USD,36292,36296,10-06-21 21:08:40
BTC/USD,36312,36316,10-06-21 21:08:30
BTC/USD,36300,36301,10-06-21 21:08:20
BTC/USD,36313,36321,10-06-21 21:08:10
BTC/USD,36331,36332,10-06-21 21:08:00
BTC/USD,36332,36340,10-06-21 21:07:50
BTC/USD,36350,36352,10-06-21 21:07:40
BTC/USD,36350,36351,10-06-21 21:07:30
BTC/USD,36350,36351,10-06-21 21:07:20
BTC/USD,36357,36363,10-06-21 21:07:10
BTC/USD,36357,36363,10-06-21 21:07:00
BTC/USD,36352,36361,10-06-21 21:06:50
BTC/USD,36369,36370,10-06-21 21:06:40
BTC/USD,36351,36356,10-06-21 21:06:30
BTC/USD,36357,36358,10-06-21 21:06:20
BTC/USD,36365,36369,10-06-21 21:06:10
BTC/USD,36363,36370,10-06-21 21:06:00
BTC/USD,36370,36372,10-06-21 21:05:50
BTC/USD,36362,36370,10-06-21 21:05:40
BTC/USD,36340,36341,10-06-21 21:05:30
BTC/USD,36339,36340,10-06-21 21:05:20
BTC/USD,36351,36352,10-06-21 21:05:10
BTC/USD,36351,36352,10-06-21 21:05:00
BTC/USD,36356,36365,10-06-21 21:04:50
BTC/USD,36389,36399,10-06-21 21:04:40
BTC/USD,36383,36385,10-06-21 21:04:30
BTC/USD,36356,36357,10-06-21 21:04:20
BTC/USD,36379,36380,10-06-21 21:04:10
BTC/USD,36386,36387,10-06-21 21:04:00
BTC/USD,36383,36393,10-06-21 21:03:50
BTC/USD,36386,36395,10-06-21 21:03:40
BTC/USD,36394,36395,10-06-21 21:03:30
BTC/USD,36372,36376,10-06-21 21:03:20
BTC/USD,36371,36372,10-06-21 21:03:10
BTC/USD,36380,36381,10-06-21 21:03:00
BTC/USD,36394,36395,10-06-21 21:02:50
BTC/USD,36394,36395,10-06-21 21:02:40
BTC/USD,36394,36395,10-06-21 21:02:30
BTC/USD,36390,36391,10-06-21 21:02:20
BTC/USD,36375,36376,10-06-21 21:02:10
BTC/USD,36391,36392,10-06-21 21:02:00
BTC/USD,36431,36432,10-06-21 21:01:50
BTC/USD,36441,36446,10-06-21 21:01:40
BTC/USD,36448,36458,10-06-21 21:01:30
BTC/USD,36469,36473,10-06-21 21:01:20
BTC/USD,36467,36468,10-06-21 21:01:10
BTC/USD,36435,36437,10-06-21 21:01:00
BTC/USD,36452,36465,10-06-21 21:00:50
BTC/USD,36467,36482,10-06-21 21:00:40
BTC/USD,36424,36435,10-06-21 21:00:30
BTC/USD,36419,36426,10-06-21 21:00:20
BTC/USD,36419,36426,10-06-21 21:00:10
BTC/USD,36457,36458,10-06-21 21:00:00
BTC/USD,36450,36458,10-06-21 20:59:50
BTC/USD,36419,36420,10-06-21 20:59:40
BTC/USD,36401,36408,10-06-21 20:59:30
BTC/USD,36408,36409,10-06-21 20:59:20
BTC/USD,36405,36407,10-06-21 20:59:10
BTC/USD,36385,36397,10-06-21 20:59:00
BTC/USD,36398,36399,10-06-21 20:58:50
BTC/USD,36400,36405,10-06-21 20:58:40
BTC/USD,36395,36396,10-06-21 20:58:30
BTC/USD,36338,36346,10-06-21 20:58:20
BTC/USD,36342,36352,10-06-21 20:58:10
BTC/USD,36344,36355,10-06-21 20:58:00
BTC/USD,36353,36354,10-06-21 20:57:50
BTC/USD,36311,36317,10-06-21 20:57:40
BTC/USD,36342,36343,10-06-21 20:57:30
BTC/USD,36360,36361,10-06-21 20:57:20
BTC/USD,36351,36360,10-06-21 20:57:10
BTC/USD,36352,36353,10-06-21 20:57:00
BTC/USD,36344,36345,10-06-21 20:56:50
BTC/USD,36337,36349,10-06-21 20:56:40
BTC/USD,36341,36348,10-06-21 20:56:30
BTC/USD,36342,36350,10-06-21 20:56:20
BTC/USD,36333,36341,10-06-21 20:56:10
BTC/USD,36355,36362,10-06-21 20:56:00
BTC/USD,36329,36338,10-06-21 20:55:50
BTC/USD,36338,36348,10-06-21 20:55:40
BTC/USD,36322,36329,10-06-21 20:55:30
BTC/USD,36315,36321,10-06-21 20:55:20
BTC/USD,36339,36353,10-06-21 20:55:10
BTC/USD,36338,36343,10-06-21 20:55:00
BTC/USD,36337,36346,10-06-21 20:54:50
BTC/USD,36341,36350,10-06-21 20:54:40
BTC/USD,36329,36336,10-06-21 20:54:30
BTC/USD,36338,36353,10-06-21 20:54:20
BTC/USD,36351,36360,10-06-21 20:54:10
BTC/USD,36339,36340,10-06-21 20:54:00
BTC/USD,36315,36316,10-06-21 20:53:50
BTC/USD,36315,36316,10-06-21 20:53:40
BTC/USD,36315,36316,10-06-21 20:53:30
BTC/USD,36284,36285,10-06-21 20:53:20
BTC/USD,36284,36285,10-06-21 20:53:10
BTC/USD,36284,36285,10-06-21 20:53:00
BTC/USD,36272,36273,10-06-21 20:52:50
BTC/USD,36258,36269,10-06-21 20:52:40
BTC/USD,36250,36256,10-06-21 20:52:30
BTC/USD,36272,36273,10-06-21 20:52:20
BTC/USD,36272,36281,10-06-21 20:52:10
BTC/USD,36250,36257,10-06-21 20:52:00
BTC/USD,36267,36273,10-06-21 20:51:50
BTC/USD,36277,36281,10-06-21 20:51:40
BTC/USD,36285,36287,10-06-21 20:51:30
BTC/USD,36269,36273,10-06-21 20:51:20
BTC/USD,36272,36273,10-06-21 20:51:10
BTC/USD,36253,36259,10-06-21 20:51:00
BTC/USD,36263,36264,10-06-21 20:50:50
BTC/USD,36228,36238,10-06-21 20:50:40
BTC/USD,36216,36225,10-06-21 20:50:30
BTC/USD,36231,36232,10-06-21 20:50:20
BTC/USD,36239,36243,10-06-21 20:50:10
BTC/USD,36255,36263,10-06-21 20:50:00
BTC/USD,36257,36260,10-06-21 20:49:50
BTC/USD,36242,36250,10-06-21 20:49:40
BTC/USD,36245,36251,10-06-21 20:49:30
BTC/USD,36291,36295,10-06-21 20:49:20
BTC/USD,36296,36297,10-06-21 20:49:10
BTC/USD,36275,36277,10-06-21 20:49:00
BTC/USD,36252,36264,10-06-21 20:48:50
BTC/USD,36246,36258,10-06-21 20:48:40
BTC/USD,36258,36259,10-06-21 20:48:30
BTC/USD,36238,36244,10-06-21 20:48:20
BTC/USD,36210,36221,10-06-21 20:48:10
BTC/USD,36234,36243,10-06-21 20:48:00
BTC/USD,36240,36251,10-06-21 20:47:50
BTC/USD,36252,36256,10-06-21 20:47:40
BTC/USD,36279,36284,10-06-21 20:47:30
BTC/USD,36279,36280,10-06-21 20:47:20
BTC/USD,36288,36299,10-06-21 20:47:10
BTC/USD,36140,36150,10-06-21 20:47:00
BTC/USD,36125,36134,10-06-21 20:46:50
BTC/USD,36128,36129,10-06-21 20:46:40
BTC/USD,36114,36116,10-06-21 20:46:30
BTC/USD,36093,36100,10-06-21 20:46:20
BTC/USD,36111,36118,10-06-21 20:46:10
BTC/USD,36118,36119,10-06-21 20:46:00
BTC/USD,36108,36116,10-06-21 20:45:50
BTC/USD,36105,36106,10-06-21 20:45:40
BTC/USD,36087,36094,10-06-21 20:45:30
BTC/USD,36080,36089,10-06-21 20:45:20
BTC/USD,36074,36085,10-06-21 20:45:10
BTC/USD,36072,36073,10-06-21 20:45:00
BTC/USD,36073,36074,10-06-21 20:44:50
BTC/USD,36059,36060,10-06-21 20:44:40
BTC/USD,36038,36039,10-06-21 20:44:30
BTC/USD,36033,36039,10-06-21 20:44:20
BTC/USD,36025,36032,10-06-21 20:44:10
BTC/USD,36005,36015,10-06-21 20:44:00
BTC/USD,35997,36005,10-06-21 20:43:50
BTC/USD,36025,36027,10-06-21 20:43:40
BTC/USD,36021,36031,10-06-21 20:43:30
BTC/USD,36016,36024,10-06-21 20:43:20
BTC/USD,36022,36027,10-06-21 20:43:10
BTC/USD,35975,35982,10-06-21 20:43:00
BTC/USD,35992,35999,10-06-21 20:42:50
BTC/USD,35977,35986,10-06-21 20:42:40
BTC/USD,35974,35978,10-06-21 20:42:30
BTC/USD,36002,36003,10-06-21 20:42:20
BTC/USD,36021,36028,10-06-21 20:42:10
BTC/USD,36012,36018,10-06-21 20:42:00
BTC/USD,35984,35991,10-06-21 20:41:50
BTC/USD,35994,35996,10-06-21 20:41:40
BTC/USD,35986,35994,10-06-21 20:41:30
BTC/USD,36001,36009,10-06-21 20:41:20
BTC/USD,36000,36001,10-06-21 20:41:10
BTC/USD,36000,36001,10-06-21 20:41:00
BTC/USD,35999,36009,10-06-21 20:40:50
BTC/USD,35984,35997,10-06-21 20:40:40
BTC/USD,35985,35986,10-06-21 20:40:30
BTC/USD,35958,35959,10-06-21 20:40:20
BTC/USD,35940,35948,10-06-21 20:40:10
BTC/USD,35927,35938,10-06-21 20:40:00
BTC/USD,35898,35900,10-06-21 20:39:50
