PAIR,BID,ASK,TIME
YFI/UST,37464,37494,11-06-21 11:43:41
YFI/UST,37469,37504,11-06-21 11:43:31
YFI/UST,37468,37514,11-06-21 11:43:21
YFI/UST,37458,37522,11-06-21 11:43:11
YFI/UST,37449,37512,11-06-21 11:43:01
YFI/UST,37453,37512,11-06-21 11:42:51
YFI/UST,37437,37478,11-06-21 11:42:41
YFI/UST,37434,37478,11-06-21 11:42:31
YFI/UST,37432,37478,11-06-21 11:42:21
YFI/UST,37434,37478,11-06-21 11:42:11
YFI/UST,37427,37472,11-06-21 11:42:01
YFI/UST,37411,37474,11-06-21 11:41:51
YFI/UST,37412,37477,11-06-21 11:41:41
YFI/UST,37410,37473,11-06-21 11:41:31
YFI/UST,37406,37471,11-06-21 11:41:21
YFI/UST,37408,37478,11-06-21 11:41:11
YFI/UST,37410,37480,11-06-21 11:41:01
YFI/UST,37397,37460,11-06-21 11:40:51
YFI/UST,37417,37460,11-06-21 11:40:41
YFI/UST,37405,37460,11-06-21 11:40:31
YFI/UST,37385,37449,11-06-21 11:40:21
YFI/UST,37377,37447,11-06-21 11:40:11
YFI/UST,37378,37452,11-06-21 11:40:01
YFI/UST,37373,37443,11-06-21 11:39:51
YFI/UST,37374,37443,11-06-21 11:39:41
YFI/UST,37364,37432,11-06-21 11:39:31
YFI/UST,37364,37432,11-06-21 11:39:21
YFI/UST,37365,37432,11-06-21 11:39:11
YFI/UST,37379,37443,11-06-21 11:39:01
YFI/UST,37384,37438,11-06-21 11:38:51
YFI/UST,37381,37438,11-06-21 11:38:41
YFI/UST,37382,37432,11-06-21 11:38:31
YFI/UST,37380,37430,11-06-21 11:38:21
YFI/UST,37377,37405,11-06-21 11:38:11
YFI/UST,37373,37400,11-06-21 11:38:01
YFI/UST,37369,37397,11-06-21 11:37:51
YFI/UST,37377,37403,11-06-21 11:37:41
YFI/UST,37375,37402,11-06-21 11:37:31
YFI/UST,37378,37405,11-06-21 11:37:21
YFI/UST,37375,37403,11-06-21 11:37:11
YFI/UST,37376,37403,11-06-21 11:37:01
YFI/UST,37373,37403,11-06-21 11:36:51
YFI/UST,37371,37404,11-06-21 11:36:41
YFI/UST,37373,37407,11-06-21 11:36:31
YFI/UST,37375,37410,11-06-21 11:36:21
YFI/UST,37367,37404,11-06-21 11:36:11
YFI/UST,37376,37418,11-06-21 11:36:01
YFI/UST,37373,37420,11-06-21 11:35:51
YFI/UST,37358,37412,11-06-21 11:35:41
YFI/UST,37350,37407,11-06-21 11:35:31
YFI/UST,37349,37400,11-06-21 11:35:21
YFI/UST,37348,37392,11-06-21 11:35:11
YFI/UST,37324,37364,11-06-21 11:35:01
YFI/UST,37337,37369,11-06-21 11:34:51
YFI/UST,37354,37381,11-06-21 11:34:41
YFI/UST,37341,37385,11-06-21 11:34:31
YFI/UST,37337,37387,11-06-21 11:34:21
YFI/UST,37335,37387,11-06-21 11:34:11
YFI/UST,37336,37387,11-06-21 11:34:01
YFI/UST,37323,37363,11-06-21 11:33:51
YFI/UST,37318,37361,11-06-21 11:33:41
YFI/UST,37323,37363,11-06-21 11:33:31
YFI/UST,37310,37353,11-06-21 11:33:21
YFI/UST,37303,37353,11-06-21 11:33:11
YFI/UST,37307,37359,11-06-21 11:33:01
YFI/UST,37308,37369,11-06-21 11:32:51
YFI/UST,37326,37383,11-06-21 11:32:41
YFI/UST,37376,37407,11-06-21 11:32:31
YFI/UST,37376,37407,11-06-21 11:32:21
YFI/UST,37376,37399,11-06-21 11:32:11
YFI/UST,37376,37405,11-06-21 11:32:01
YFI/UST,37376,37397,11-06-21 11:31:51
YFI/UST,37376,37395,11-06-21 11:31:41
YFI/UST,37376,37403,11-06-21 11:31:31
YFI/UST,37376,37414,11-06-21 11:31:21
YFI/UST,37376,37422,11-06-21 11:31:11
YFI/UST,37379,37442,11-06-21 11:31:01
YFI/UST,37419,37495,11-06-21 11:30:51
YFI/UST,37408,37468,11-06-21 11:30:41
YFI/UST,37385,37434,11-06-21 11:30:31
YFI/UST,37377,37427,11-06-21 11:30:21
YFI/UST,37376,37422,11-06-21 11:30:11
YFI/UST,37365,37410,11-06-21 11:30:01
YFI/UST,37363,37414,11-06-21 11:29:51
YFI/UST,37359,37416,11-06-21 11:29:41
YFI/UST,37376,37418,11-06-21 11:29:31
YFI/UST,37365,37397,11-06-21 11:29:21
YFI/UST,37358,37392,11-06-21 11:29:11
YFI/UST,37360,37392,11-06-21 11:29:01
YFI/UST,37351,37388,11-06-21 11:28:51
YFI/UST,37349,37388,11-06-21 11:28:41
YFI/UST,37361,37405,11-06-21 11:28:31
YFI/UST,37362,37407,11-06-21 11:28:21
YFI/UST,37356,37407,11-06-21 11:28:11
YFI/UST,37344,37394,11-06-21 11:28:01
YFI/UST,37343,37384,11-06-21 11:27:51
YFI/UST,37327,37362,11-06-21 11:27:41
YFI/UST,37317,37358,11-06-21 11:27:31
YFI/UST,37319,37356,11-06-21 11:27:21
YFI/UST,37330,37366,11-06-21 11:27:11
YFI/UST,37331,37367,11-06-21 11:27:01
YFI/UST,37335,37388,11-06-21 11:26:51
YFI/UST,37328,37392,11-06-21 11:26:41
YFI/UST,37327,37390,11-06-21 11:26:31
YFI/UST,37312,37386,11-06-21 11:26:21
YFI/UST,37294,37359,11-06-21 11:26:11
YFI/UST,37271,37324,11-06-21 11:26:01
YFI/UST,37271,37324,11-06-21 11:25:51
YFI/UST,37291,37340,11-06-21 11:25:41
YFI/UST,37311,37365,11-06-21 11:25:31
YFI/UST,37316,37354,11-06-21 11:25:21
YFI/UST,37305,37349,11-06-21 11:25:11
YFI/UST,37301,37342,11-06-21 11:25:01
YFI/UST,37276,37342,11-06-21 11:24:51
YFI/UST,37257,37342,11-06-21 11:24:41
YFI/UST,37252,37339,11-06-21 11:24:31
YFI/UST,37278,37350,11-06-21 11:24:21
YFI/UST,37364,37411,11-06-21 11:24:11
YFI/UST,37398,37436,11-06-21 11:24:01
YFI/UST,37397,37436,11-06-21 11:23:51
YFI/UST,37400,37439,11-06-21 11:23:41
YFI/UST,37402,37442,11-06-21 11:23:31
YFI/UST,37402,37441,11-06-21 11:23:21
YFI/UST,37398,37439,11-06-21 11:23:11
YFI/UST,37399,37442,11-06-21 11:23:01
YFI/UST,37395,37444,11-06-21 11:22:51
YFI/UST,37395,37449,11-06-21 11:22:41
YFI/UST,37396,37447,11-06-21 11:22:31
YFI/UST,37393,37436,11-06-21 11:22:21
YFI/UST,37385,37422,11-06-21 11:22:11
YFI/UST,37382,37424,11-06-21 11:22:01
YFI/UST,37376,37425,11-06-21 11:21:51
YFI/UST,37377,37431,11-06-21 11:21:41
YFI/UST,37375,37426,11-06-21 11:21:31
YFI/UST,37386,37421,11-06-21 11:21:21
YFI/UST,37394,37428,11-06-21 11:21:11
YFI/UST,37398,37432,11-06-21 11:21:01
YFI/UST,37386,37428,11-06-21 11:20:51
YFI/UST,37377,37428,11-06-21 11:20:41
YFI/UST,37383,37439,11-06-21 11:20:31
YFI/UST,37392,37443,11-06-21 11:20:21
YFI/UST,37377,37406,11-06-21 11:20:11
YFI/UST,37369,37390,11-06-21 11:20:01
YFI/UST,37366,37395,11-06-21 11:19:51
YFI/UST,37364,37395,11-06-21 11:19:41
YFI/UST,37361,37395,11-06-21 11:19:31
YFI/UST,37338,37399,11-06-21 11:19:21
YFI/UST,37339,37385,11-06-21 11:19:11
YFI/UST,37326,37385,11-06-21 11:19:01
YFI/UST,37361,37421,11-06-21 11:18:51
YFI/UST,37403,37488,11-06-21 11:18:41
YFI/UST,37398,37483,11-06-21 11:18:31
YFI/UST,37393,37468,11-06-21 11:18:21
YFI/UST,37475,37533,11-06-21 11:18:11
YFI/UST,37533,37573,11-06-21 11:18:01
YFI/UST,37535,37575,11-06-21 11:17:51
YFI/UST,37548,37598,11-06-21 11:17:41
YFI/UST,37545,37596,11-06-21 11:17:31
YFI/UST,37550,37597,11-06-21 11:17:21
YFI/UST,37537,37569,11-06-21 11:17:11
YFI/UST,37529,37559,11-06-21 11:17:01
YFI/UST,37522,37553,11-06-21 11:16:51
YFI/UST,37529,37564,11-06-21 11:16:41
YFI/UST,37523,37559,11-06-21 11:16:31
YFI/UST,37521,37558,11-06-21 11:16:21
YFI/UST,37520,37557,11-06-21 11:16:11
YFI/UST,37527,37574,11-06-21 11:16:01
YFI/UST,37522,37577,11-06-21 11:15:51
YFI/UST,37512,37570,11-06-21 11:15:41
YFI/UST,37527,37574,11-06-21 11:15:31
YFI/UST,37510,37541,11-06-21 11:15:21
YFI/UST,37498,37524,11-06-21 11:15:11
YFI/UST,37497,37527,11-06-21 11:15:01
YFI/UST,37490,37531,11-06-21 11:14:51
YFI/UST,37476,37545,11-06-21 11:14:41
YFI/UST,37476,37551,11-06-21 11:14:31
YFI/UST,37466,37530,11-06-21 11:14:21
YFI/UST,37455,37533,11-06-21 11:14:11
YFI/UST,37455,37525,11-06-21 11:14:01
YFI/UST,37453,37527,11-06-21 11:13:51
YFI/UST,37440,37507,11-06-21 11:13:41
YFI/UST,37426,37500,11-06-21 11:13:31
YFI/UST,37418,37491,11-06-21 11:13:21
YFI/UST,37436,37510,11-06-21 11:13:11
YFI/UST,37420,37477,11-06-21 11:13:01
YFI/UST,37418,37477,11-06-21 11:12:51
YFI/UST,37399,37467,11-06-21 11:12:41
YFI/UST,37399,37476,11-06-21 11:12:31
YFI/UST,37410,37495,11-06-21 11:12:21
YFI/UST,37419,37495,11-06-21 11:12:11
YFI/UST,37503,37547,11-06-21 11:12:01
YFI/UST,37503,37548,11-06-21 11:11:51
YFI/UST,37504,37546,11-06-21 11:11:41
YFI/UST,37508,37551,11-06-21 11:11:31
YFI/UST,37506,37547,11-06-21 11:11:21
YFI/UST,37500,37547,11-06-21 11:11:11
YFI/UST,37503,37548,11-06-21 11:11:01
YFI/UST,37505,37556,11-06-21 11:10:51
YFI/UST,37506,37545,11-06-21 11:10:41
YFI/UST,37497,37542,11-06-21 11:10:31
YFI/UST,37506,37545,11-06-21 11:10:21
YFI/UST,37505,37545,11-06-21 11:10:11
YFI/UST,37498,37539,11-06-21 11:10:01
YFI/UST,37500,37534,11-06-21 11:09:51
YFI/UST,37533,37571,11-06-21 11:09:41
YFI/UST,37528,37562,11-06-21 11:09:31
YFI/UST,37536,37568,11-06-21 11:09:21
YFI/UST,37555,37578,11-06-21 11:09:11
YFI/UST,37536,37584,11-06-21 11:09:01
YFI/UST,37533,37577,11-06-21 11:08:51
YFI/UST,37525,37566,11-06-21 11:08:41
YFI/UST,37524,37584,11-06-21 11:08:31
YFI/UST,37516,37585,11-06-21 11:08:21
YFI/UST,37540,37600,11-06-21 11:08:11
YFI/UST,37564,37619,11-06-21 11:08:01
YFI/UST,37578,37633,11-06-21 11:07:51
YFI/UST,37596,37653,11-06-21 11:07:41
YFI/UST,37593,37643,11-06-21 11:07:31
YFI/UST,37592,37643,11-06-21 11:07:21
YFI/UST,37618,37663,11-06-21 11:07:11
YFI/UST,37622,37667,11-06-21 11:07:01
YFI/UST,37614,37656,11-06-21 11:06:51
YFI/UST,37616,37657,11-06-21 11:06:41
YFI/UST,37615,37658,11-06-21 11:06:31
YFI/UST,37615,37659,11-06-21 11:06:21
YFI/UST,37612,37657,11-06-21 11:06:11
YFI/UST,37611,37657,11-06-21 11:06:01
YFI/UST,37610,37655,11-06-21 11:05:51
YFI/UST,37614,37657,11-06-21 11:05:41
YFI/UST,37616,37657,11-06-21 11:05:31
YFI/UST,37614,37654,11-06-21 11:05:21
YFI/UST,37611,37654,11-06-21 11:05:11
YFI/UST,37613,37657,11-06-21 11:05:01
YFI/UST,37611,37657,11-06-21 11:04:51
YFI/UST,37613,37655,11-06-21 11:04:41
YFI/UST,37615,37656,11-06-21 11:04:31
YFI/UST,37606,37646,11-06-21 11:04:21
YFI/UST,37613,37639,11-06-21 11:04:11
YFI/UST,37619,37646,11-06-21 11:04:01
YFI/UST,37610,37637,11-06-21 11:03:51
YFI/UST,37614,37643,11-06-21 11:03:41
YFI/UST,37610,37641,11-06-21 11:03:31
YFI/UST,37606,37636,11-06-21 11:03:21
YFI/UST,37610,37640,11-06-21 11:03:11
YFI/UST,37610,37640,11-06-21 11:03:01
YFI/UST,37601,37629,11-06-21 11:02:51
YFI/UST,37603,37634,11-06-21 11:02:41
YFI/UST,37600,37631,11-06-21 11:02:31
YFI/UST,37598,37627,11-06-21 11:02:21
YFI/UST,37605,37635,11-06-21 11:02:11
YFI/UST,37608,37639,11-06-21 11:02:01
YFI/UST,37598,37635,11-06-21 11:01:51
YFI/UST,37595,37639,11-06-21 11:01:41
YFI/UST,37597,37641,11-06-21 11:01:31
YFI/UST,37611,37647,11-06-21 11:01:21
YFI/UST,37621,37649,11-06-21 11:01:11
YFI/UST,37629,37656,11-06-21 11:01:01
YFI/UST,37629,37657,11-06-21 11:00:51
YFI/UST,37624,37660,11-06-21 11:00:41
YFI/UST,37617,37658,11-06-21 11:00:31
YFI/UST,37617,37674,11-06-21 11:00:21
YFI/UST,37624,37677,11-06-21 11:00:11
YFI/UST,37604,37647,11-06-21 11:00:01
YFI/UST,37603,37649,11-06-21 10:59:51
YFI/UST,37607,37659,11-06-21 10:59:41
YFI/UST,37610,37659,11-06-21 10:59:31
YFI/UST,37612,37653,11-06-21 10:59:21
YFI/UST,37601,37638,11-06-21 10:59:11
YFI/UST,37599,37644,11-06-21 10:59:01
YFI/UST,37605,37648,11-06-21 10:58:51
YFI/UST,37603,37649,11-06-21 10:58:41
YFI/UST,37600,37644,11-06-21 10:58:31
YFI/UST,37598,37640,11-06-21 10:58:21
YFI/UST,37595,37634,11-06-21 10:58:11
YFI/UST,37593,37637,11-06-21 10:58:01
YFI/UST,37591,37632,11-06-21 10:57:51
YFI/UST,37588,37632,11-06-21 10:57:41
YFI/UST,37597,37641,11-06-21 10:57:31
YFI/UST,37592,37633,11-06-21 10:57:21
YFI/UST,37592,37632,11-06-21 10:57:11
YFI/UST,37591,37633,11-06-21 10:57:01
YFI/UST,37588,37636,11-06-21 10:56:51
YFI/UST,37584,37640,11-06-21 10:56:41
YFI/UST,37582,37640,11-06-21 10:56:31
YFI/UST,37586,37645,11-06-21 10:56:21
YFI/UST,37602,37641,11-06-21 10:56:11
YFI/UST,37613,37658,11-06-21 10:56:01
YFI/UST,37616,37660,11-06-21 10:55:51
YFI/UST,37617,37662,11-06-21 10:55:41
YFI/UST,37621,37665,11-06-21 10:55:31
YFI/UST,37628,37658,11-06-21 10:55:21
YFI/UST,37634,37663,11-06-21 10:55:11
YFI/UST,37629,37656,11-06-21 10:55:01
YFI/UST,37627,37655,11-06-21 10:54:51
YFI/UST,37623,37657,11-06-21 10:54:41
YFI/UST,37622,37658,11-06-21 10:54:31
YFI/UST,37629,37663,11-06-21 10:54:21
YFI/UST,37617,37643,11-06-21 10:54:11
YFI/UST,37612,37647,11-06-21 10:54:01
YFI/UST,37619,37660,11-06-21 10:53:51
YFI/UST,37618,37662,11-06-21 10:53:41
YFI/UST,37623,37664,11-06-21 10:53:31
YFI/UST,37620,37654,11-06-21 10:53:21
YFI/UST,37650,37677,11-06-21 10:53:11
YFI/UST,37648,37680,11-06-21 10:53:01
YFI/UST,37647,37682,11-06-21 10:52:51
YFI/UST,37648,37683,11-06-21 10:52:41
YFI/UST,37648,37680,11-06-21 10:52:31
YFI/UST,37628,37675,11-06-21 10:52:21
YFI/UST,37623,37676,11-06-21 10:52:11
YFI/UST,37625,37682,11-06-21 10:52:01
YFI/UST,37627,37686,11-06-21 10:51:51
YFI/UST,37609,37676,11-06-21 10:51:41
YFI/UST,37604,37667,11-06-21 10:51:31
YFI/UST,37608,37657,11-06-21 10:51:21
YFI/UST,37599,37645,11-06-21 10:51:11
YFI/UST,37585,37626,11-06-21 10:51:01
YFI/UST,37586,37632,11-06-21 10:50:51
YFI/UST,37576,37630,11-06-21 10:50:41
YFI/UST,37572,37628,11-06-21 10:50:31
YFI/UST,37579,37633,11-06-21 10:50:21
YFI/UST,37589,37634,11-06-21 10:50:11
YFI/UST,37601,37637,11-06-21 10:50:01
YFI/UST,37609,37650,11-06-21 10:49:51
YFI/UST,37610,37642,11-06-21 10:49:41
YFI/UST,37606,37641,11-06-21 10:49:31
YFI/UST,37604,37651,11-06-21 10:49:21
YFI/UST,37603,37652,11-06-21 10:49:11
YFI/UST,37606,37652,11-06-21 10:49:01
YFI/UST,37619,37661,11-06-21 10:48:51
YFI/UST,37619,37667,11-06-21 10:48:41
YFI/UST,37629,37676,11-06-21 10:48:31
YFI/UST,37631,37677,11-06-21 10:48:21
YFI/UST,37626,37667,11-06-21 10:48:11
YFI/UST,37612,37659,11-06-21 10:48:01
YFI/UST,37617,37669,11-06-21 10:47:51
YFI/UST,37604,37659,11-06-21 10:47:41
YFI/UST,37603,37649,11-06-21 10:47:31
YFI/UST,37616,37656,11-06-21 10:47:21
YFI/UST,37637,37656,11-06-21 10:47:11
YFI/UST,37636,37656,11-06-21 10:47:01
YFI/UST,37630,37656,11-06-21 10:46:51
YFI/UST,37635,37686,11-06-21 10:46:41
YFI/UST,37633,37686,11-06-21 10:46:31
YFI/UST,37629,37686,11-06-21 10:46:21
YFI/UST,37643,37686,11-06-21 10:46:11
YFI/UST,37676,37713,11-06-21 10:46:01
YFI/UST,37683,37728,11-06-21 10:45:51
YFI/UST,37706,37766,11-06-21 10:45:41
YFI/UST,37703,37765,11-06-21 10:45:31
YFI/UST,37708,37783,11-06-21 10:45:21
YFI/UST,37742,37818,11-06-21 10:45:11
YFI/UST,37735,37766,11-06-21 10:45:01
YFI/UST,37695,37728,11-06-21 10:44:51
YFI/UST,37697,37730,11-06-21 10:44:41
YFI/UST,37696,37730,11-06-21 10:44:31
YFI/UST,37699,37730,11-06-21 10:44:21
YFI/UST,37710,37738,11-06-21 10:44:11
YFI/UST,37708,37738,11-06-21 10:44:01
YFI/UST,37711,37747,11-06-21 10:43:51
YFI/UST,37706,37735,11-06-21 10:43:41
YFI/UST,37694,37743,11-06-21 10:43:31
YFI/UST,37691,37738,11-06-21 10:43:21
YFI/UST,37703,37738,11-06-21 10:43:11
YFI/UST,37697,37738,11-06-21 10:43:01
YFI/UST,37703,37738,11-06-21 10:42:51
YFI/UST,37695,37728,11-06-21 10:42:41
YFI/UST,37699,37745,11-06-21 10:42:31
YFI/UST,37707,37745,11-06-21 10:42:21
YFI/UST,37718,37761,11-06-21 10:42:11
YFI/UST,37711,37752,11-06-21 10:42:01
YFI/UST,37703,37737,11-06-21 10:41:51
YFI/UST,37711,37737,11-06-21 10:41:41
YFI/UST,37709,37737,11-06-21 10:41:31
YFI/UST,37711,37737,11-06-21 10:41:21
YFI/UST,37714,37737,11-06-21 10:41:11
YFI/UST,37714,37737,11-06-21 10:41:01
YFI/UST,37702,37737,11-06-21 10:40:51
YFI/UST,37707,37737,11-06-21 10:40:41
YFI/UST,37697,37736,11-06-21 10:40:31
YFI/UST,37690,37735,11-06-21 10:40:21
YFI/UST,37691,37735,11-06-21 10:40:11
YFI/UST,37696,37746,11-06-21 10:40:01
YFI/UST,37690,37748,11-06-21 10:39:51
YFI/UST,37689,37738,11-06-21 10:39:41
YFI/UST,37685,37738,11-06-21 10:39:31
YFI/UST,37681,37728,11-06-21 10:39:21
YFI/UST,37683,37725,11-06-21 10:39:11
YFI/UST,37673,37714,11-06-21 10:39:01
YFI/UST,37674,37704,11-06-21 10:38:51
YFI/UST,37673,37705,11-06-21 10:38:41
YFI/UST,37674,37705,11-06-21 10:38:31
YFI/UST,37676,37707,11-06-21 10:38:21
YFI/UST,37686,37713,11-06-21 10:38:11
YFI/UST,37687,37717,11-06-21 10:38:01
YFI/UST,37687,37717,11-06-21 10:37:51
YFI/UST,37682,37716,11-06-21 10:37:41
YFI/UST,37683,37714,11-06-21 10:37:31
YFI/UST,37680,37711,11-06-21 10:37:21
YFI/UST,37668,37700,11-06-21 10:37:11
YFI/UST,37678,37707,11-06-21 10:37:01
YFI/UST,37676,37710,11-06-21 10:36:51
YFI/UST,37680,37720,11-06-21 10:36:41
YFI/UST,37678,37714,11-06-21 10:36:31
YFI/UST,37678,37708,11-06-21 10:36:21
YFI/UST,37669,37696,11-06-21 10:36:11
YFI/UST,37667,37693,11-06-21 10:36:01
YFI/UST,37671,37696,11-06-21 10:35:51
YFI/UST,37667,37692,11-06-21 10:35:41
YFI/UST,37669,37692,11-06-21 10:35:31
YFI/UST,37666,37692,11-06-21 10:35:21
YFI/UST,37664,37693,11-06-21 10:35:11
YFI/UST,37667,37691,11-06-21 10:35:01
YFI/UST,37665,37692,11-06-21 10:34:51
YFI/UST,37662,37694,11-06-21 10:34:41
YFI/UST,37660,37692,11-06-21 10:34:31
YFI/UST,37651,37694,11-06-21 10:34:21
YFI/UST,37640,37680,11-06-21 10:34:11
YFI/UST,37648,37692,11-06-21 10:34:01
YFI/UST,37651,37694,11-06-21 10:33:51
YFI/UST,37652,37694,11-06-21 10:33:41
YFI/UST,37653,37691,11-06-21 10:33:31
YFI/UST,37644,37691,11-06-21 10:33:21
YFI/UST,37643,37695,11-06-21 10:33:11
YFI/UST,37638,37695,11-06-21 10:33:01
YFI/UST,37630,37695,11-06-21 10:32:51
YFI/UST,37637,37721,11-06-21 10:32:41
YFI/UST,37648,37710,11-06-21 10:32:31
YFI/UST,37621,37661,11-06-21 10:32:21
YFI/UST,37622,37655,11-06-21 10:32:11
YFI/UST,37610,37649,11-06-21 10:32:01
YFI/UST,37616,37649,11-06-21 10:31:51
YFI/UST,37612,37648,11-06-21 10:31:41
YFI/UST,37612,37650,11-06-21 10:31:31
YFI/UST,37613,37656,11-06-21 10:31:21
YFI/UST,37608,37650,11-06-21 10:31:11
YFI/UST,37602,37650,11-06-21 10:31:01
YFI/UST,37604,37659,11-06-21 10:30:51
YFI/UST,37608,37657,11-06-21 10:30:41
YFI/UST,37623,37668,11-06-21 10:30:31
YFI/UST,37627,37672,11-06-21 10:30:21
YFI/UST,37628,37661,11-06-21 10:30:11
YFI/UST,37622,37660,11-06-21 10:30:01
YFI/UST,37628,37670,11-06-21 10:29:51
YFI/UST,37632,37671,11-06-21 10:29:41
YFI/UST,37627,37667,11-06-21 10:29:31
YFI/UST,37640,37667,11-06-21 10:29:21
YFI/UST,37641,37668,11-06-21 10:29:11
YFI/UST,37641,37674,11-06-21 10:29:01
YFI/UST,37642,37677,11-06-21 10:28:51
YFI/UST,37641,37677,11-06-21 10:28:41
YFI/UST,37642,37675,11-06-21 10:28:31
YFI/UST,37637,37671,11-06-21 10:28:21
YFI/UST,37624,37661,11-06-21 10:28:11
YFI/UST,37628,37666,11-06-21 10:28:01
YFI/UST,37632,37667,11-06-21 10:27:51
YFI/UST,37641,37675,11-06-21 10:27:41
YFI/UST,37650,37685,11-06-21 10:27:31
YFI/UST,37650,37688,11-06-21 10:27:21
YFI/UST,37652,37691,11-06-21 10:27:11
YFI/UST,37651,37686,11-06-21 10:27:01
YFI/UST,37665,37693,11-06-21 10:26:51
YFI/UST,37670,37699,11-06-21 10:26:41
YFI/UST,37673,37704,11-06-21 10:26:31
YFI/UST,37675,37706,11-06-21 10:26:21
YFI/UST,37673,37704,11-06-21 10:26:11
YFI/UST,37682,37715,11-06-21 10:26:01
YFI/UST,37678,37713,11-06-21 10:25:51
YFI/UST,37672,37707,11-06-21 10:25:41
YFI/UST,37668,37705,11-06-21 10:25:31
YFI/UST,37668,37698,11-06-21 10:25:21
YFI/UST,37649,37691,11-06-21 10:25:11
YFI/UST,37644,37691,11-06-21 10:25:01
YFI/UST,37645,37693,11-06-21 10:24:51
YFI/UST,37643,37692,11-06-21 10:24:41
YFI/UST,37627,37673,11-06-21 10:24:31
YFI/UST,37627,37673,11-06-21 10:24:21
YFI/UST,37637,37684,11-06-21 10:24:11
YFI/UST,37643,37690,11-06-21 10:24:01
YFI/UST,37643,37690,11-06-21 10:23:51
YFI/UST,37653,37701,11-06-21 10:23:41
YFI/UST,37651,37701,11-06-21 10:23:31
YFI/UST,37651,37699,11-06-21 10:23:21
YFI/UST,37654,37695,11-06-21 10:23:11
YFI/UST,37642,37687,11-06-21 10:23:01
YFI/UST,37640,37687,11-06-21 10:22:51
YFI/UST,37639,37689,11-06-21 10:22:41
YFI/UST,37639,37690,11-06-21 10:22:31
YFI/UST,37645,37693,11-06-21 10:22:21
YFI/UST,37632,37676,11-06-21 10:22:11
YFI/UST,37626,37676,11-06-21 10:22:01
YFI/UST,37629,37676,11-06-21 10:21:51
YFI/UST,37628,37676,11-06-21 10:21:41
YFI/UST,37614,37666,11-06-21 10:21:31
YFI/UST,37612,37661,11-06-21 10:21:21
YFI/UST,37610,37664,11-06-21 10:21:11
YFI/UST,37606,37651,11-06-21 10:21:01
YFI/UST,37601,37644,11-06-21 10:20:51
YFI/UST,37590,37644,11-06-21 10:20:41
YFI/UST,37583,37644,11-06-21 10:20:31
YFI/UST,37594,37626,11-06-21 10:20:21
YFI/UST,37611,37644,11-06-21 10:20:11
YFI/UST,37617,37657,11-06-21 10:20:01
YFI/UST,37618,37658,11-06-21 10:19:51
YFI/UST,37611,37650,11-06-21 10:19:41
YFI/UST,37610,37646,11-06-21 10:19:31
YFI/UST,37604,37638,11-06-21 10:19:21
YFI/UST,37591,37633,11-06-21 10:19:11
YFI/UST,37587,37641,11-06-21 10:19:01
YFI/UST,37573,37637,11-06-21 10:18:51
YFI/UST,37572,37637,11-06-21 10:18:41
YFI/UST,37562,37611,11-06-21 10:18:31
YFI/UST,37548,37591,11-06-21 10:18:21
YFI/UST,37537,37573,11-06-21 10:18:11
YFI/UST,37537,37570,11-06-21 10:18:01
YFI/UST,37537,37570,11-06-21 10:17:51
YFI/UST,37515,37542,11-06-21 10:17:41
YFI/UST,37517,37541,11-06-21 10:17:31
YFI/UST,37531,37558,11-06-21 10:17:21
YFI/UST,37544,37574,11-06-21 10:17:11
YFI/UST,37534,37590,11-06-21 10:17:01
YFI/UST,37526,37590,11-06-21 10:16:51
YFI/UST,37533,37590,11-06-21 10:16:41
YFI/UST,37540,37590,11-06-21 10:16:31
YFI/UST,37539,37580,11-06-21 10:16:21
YFI/UST,37562,37622,11-06-21 10:16:11
YFI/UST,37561,37622,11-06-21 10:16:01
YFI/UST,37568,37622,11-06-21 10:15:51
YFI/UST,37586,37631,11-06-21 10:15:41
YFI/UST,37614,37664,11-06-21 10:15:31
YFI/UST,37625,37670,11-06-21 10:15:21
YFI/UST,37622,37665,11-06-21 10:15:11
YFI/UST,37614,37656,11-06-21 10:15:01
YFI/UST,37617,37657,11-06-21 10:14:51
YFI/UST,37618,37660,11-06-21 10:14:41
YFI/UST,37620,37663,11-06-21 10:14:31
YFI/UST,37616,37662,11-06-21 10:14:21
YFI/UST,37615,37664,11-06-21 10:14:11
YFI/UST,37617,37663,11-06-21 10:14:01
YFI/UST,37616,37667,11-06-21 10:13:51
YFI/UST,37621,37674,11-06-21 10:13:41
YFI/UST,37623,37675,11-06-21 10:13:31
YFI/UST,37623,37662,11-06-21 10:13:21
YFI/UST,37610,37655,11-06-21 10:13:11
YFI/UST,37608,37657,11-06-21 10:13:01
YFI/UST,37600,37664,11-06-21 10:12:51
YFI/UST,37591,37665,11-06-21 10:12:41
YFI/UST,37597,37673,11-06-21 10:12:31
YFI/UST,37603,37672,11-06-21 10:12:21
YFI/UST,37642,37689,11-06-21 10:12:11
YFI/UST,37678,37706,11-06-21 10:12:01
YFI/UST,37686,37715,11-06-21 10:11:51
YFI/UST,37678,37712,11-06-21 10:11:41
YFI/UST,37678,37715,11-06-21 10:11:31
YFI/UST,37676,37716,11-06-21 10:11:21
YFI/UST,37675,37719,11-06-21 10:11:11
YFI/UST,37681,37717,11-06-21 10:11:01
YFI/UST,37678,37708,11-06-21 10:10:51
YFI/UST,37665,37697,11-06-21 10:10:41
YFI/UST,37668,37701,11-06-21 10:10:31
YFI/UST,37667,37700,11-06-21 10:10:21
YFI/UST,37672,37706,11-06-21 10:10:11
YFI/UST,37675,37715,11-06-21 10:10:01
YFI/UST,37678,37718,11-06-21 10:09:51
YFI/UST,37678,37718,11-06-21 10:09:41
YFI/UST,37697,37726,11-06-21 10:09:31
YFI/UST,37702,37730,11-06-21 10:09:21
YFI/UST,37707,37733,11-06-21 10:09:11
YFI/UST,37705,37734,11-06-21 10:09:01
YFI/UST,37704,37740,11-06-21 10:08:51
YFI/UST,37706,37742,11-06-21 10:08:41
YFI/UST,37710,37744,11-06-21 10:08:31
YFI/UST,37710,37744,11-06-21 10:08:21
YFI/UST,37724,37759,11-06-21 10:08:11
YFI/UST,37709,37744,11-06-21 10:08:01
YFI/UST,37707,37747,11-06-21 10:07:51
YFI/UST,37712,37755,11-06-21 10:07:41
YFI/UST,37706,37755,11-06-21 10:07:31
YFI/UST,37714,37765,11-06-21 10:07:21
YFI/UST,37724,37781,11-06-21 10:07:11
YFI/UST,37740,37803,11-06-21 10:07:01
YFI/UST,37740,37798,11-06-21 10:06:51
YFI/UST,37750,37803,11-06-21 10:06:41
YFI/UST,37785,37834,11-06-21 10:06:31
YFI/UST,37785,37838,11-06-21 10:06:21
YFI/UST,37793,37850,11-06-21 10:06:11
YFI/UST,37766,37826,11-06-21 10:06:01
YFI/UST,37752,37824,11-06-21 10:05:51
YFI/UST,37773,37864,11-06-21 10:05:41
YFI/UST,37801,37877,11-06-21 10:05:31
YFI/UST,37801,37881,11-06-21 10:05:21
YFI/UST,37841,37921,11-06-21 10:05:11
YFI/UST,37841,37939,11-06-21 10:05:01
YFI/UST,37815,37939,11-06-21 10:04:51
YFI/UST,37744,37849,11-06-21 10:04:41
YFI/UST,37677,37791,11-06-21 10:04:31
YFI/UST,37610,37669,11-06-21 10:04:21
YFI/UST,37578,37628,11-06-21 10:04:11
YFI/UST,37564,37612,11-06-21 10:04:01
YFI/UST,37584,37625,11-06-21 10:03:51
YFI/UST,37587,37627,11-06-21 10:03:41
YFI/UST,37588,37630,11-06-21 10:03:31
YFI/UST,37586,37627,11-06-21 10:03:21
YFI/UST,37589,37629,11-06-21 10:03:11
YFI/UST,37591,37632,11-06-21 10:03:01
YFI/UST,37590,37631,11-06-21 10:02:51
YFI/UST,37589,37628,11-06-21 10:02:41
YFI/UST,37585,37628,11-06-21 10:02:31
YFI/UST,37583,37628,11-06-21 10:02:21
YFI/UST,37586,37631,11-06-21 10:02:11
YFI/UST,37588,37636,11-06-21 10:02:01
YFI/UST,37572,37625,11-06-21 10:01:51
YFI/UST,37569,37626,11-06-21 10:01:41
YFI/UST,37568,37626,11-06-21 10:01:31
YFI/UST,37576,37626,11-06-21 10:01:21
YFI/UST,37558,37607,11-06-21 10:01:11
YFI/UST,37556,37605,11-06-21 10:01:01
YFI/UST,37555,37598,11-06-21 10:00:51
YFI/UST,37556,37588,11-06-21 10:00:41
YFI/UST,37549,37584,11-06-21 10:00:31
YFI/UST,37555,37591,11-06-21 10:00:21
YFI/UST,37559,37583,11-06-21 10:00:11
YFI/UST,37549,37578,11-06-21 10:00:01
YFI/UST,37550,37578,11-06-21 09:59:51
YFI/UST,37546,37573,11-06-21 09:59:41
YFI/UST,37544,37573,11-06-21 09:59:31
YFI/UST,37542,37575,11-06-21 09:59:21
YFI/UST,37537,37572,11-06-21 09:59:11
YFI/UST,37537,37572,11-06-21 09:59:01
YFI/UST,37533,37563,11-06-21 09:58:51
YFI/UST,37532,37562,11-06-21 09:58:41
YFI/UST,37532,37561,11-06-21 09:58:31
YFI/UST,37522,37560,11-06-21 09:58:21
YFI/UST,37512,37566,11-06-21 09:58:11
YFI/UST,37510,37568,11-06-21 09:58:01
YFI/UST,37500,37566,11-06-21 09:57:51
YFI/UST,37514,37591,11-06-21 09:57:41
YFI/UST,37541,37602,11-06-21 09:57:31
YFI/UST,37507,37548,11-06-21 09:57:21
YFI/UST,37506,37538,11-06-21 09:57:11
YFI/UST,37488,37524,11-06-21 09:57:01
YFI/UST,37477,37528,11-06-21 09:56:51
YFI/UST,37485,37536,11-06-21 09:56:41
YFI/UST,37487,37534,11-06-21 09:56:31
YFI/UST,37501,37544,11-06-21 09:56:21
YFI/UST,37505,37546,11-06-21 09:56:11
YFI/UST,37509,37551,11-06-21 09:56:01
YFI/UST,37509,37549,11-06-21 09:55:51
YFI/UST,37506,37547,11-06-21 09:55:41
YFI/UST,37504,37547,11-06-21 09:55:31
YFI/UST,37505,37547,11-06-21 09:55:21
YFI/UST,37507,37546,11-06-21 09:55:11
YFI/UST,37509,37550,11-06-21 09:55:01
YFI/UST,37510,37551,11-06-21 09:54:51
YFI/UST,37506,37550,11-06-21 09:54:41
YFI/UST,37505,37553,11-06-21 09:54:31
YFI/UST,37502,37549,11-06-21 09:54:21
YFI/UST,37503,37548,11-06-21 09:54:11
YFI/UST,37514,37557,11-06-21 09:54:01
YFI/UST,37514,37557,11-06-21 09:53:51
YFI/UST,37511,37557,11-06-21 09:53:41
YFI/UST,37506,37555,11-06-21 09:53:31
YFI/UST,37505,37560,11-06-21 09:53:21
YFI/UST,37501,37556,11-06-21 09:53:11
YFI/UST,37518,37563,11-06-21 09:53:01
YFI/UST,37520,37565,11-06-21 09:52:51
YFI/UST,37528,37575,11-06-21 09:52:41
YFI/UST,37533,37581,11-06-21 09:52:31
YFI/UST,37523,37569,11-06-21 09:52:21
YFI/UST,37527,37572,11-06-21 09:52:11
YFI/UST,37512,37563,11-06-21 09:52:01
YFI/UST,37514,37569,11-06-21 09:51:51
YFI/UST,37504,37573,11-06-21 09:51:41
YFI/UST,37512,37578,11-06-21 09:51:31
YFI/UST,37532,37590,11-06-21 09:51:21
YFI/UST,37549,37597,11-06-21 09:51:11
YFI/UST,37586,37619,11-06-21 09:51:01
YFI/UST,37585,37617,11-06-21 09:50:51
YFI/UST,37599,37627,11-06-21 09:50:41
YFI/UST,37604,37633,11-06-21 09:50:31
YFI/UST,37593,37624,11-06-21 09:50:21
YFI/UST,37595,37626,11-06-21 09:50:11
YFI/UST,37592,37625,11-06-21 09:50:01
YFI/UST,37597,37631,11-06-21 09:49:51
YFI/UST,37603,37636,11-06-21 09:49:41
YFI/UST,37600,37632,11-06-21 09:49:31
YFI/UST,37594,37626,11-06-21 09:49:21
YFI/UST,37596,37628,11-06-21 09:49:11
YFI/UST,37595,37628,11-06-21 09:49:01
YFI/UST,37596,37631,11-06-21 09:48:51
YFI/UST,37587,37635,11-06-21 09:48:41
YFI/UST,37581,37634,11-06-21 09:48:31
YFI/UST,37588,37634,11-06-21 09:48:21
YFI/UST,37596,37636,11-06-21 09:48:11
YFI/UST,37627,37655,11-06-21 09:48:01
YFI/UST,37626,37657,11-06-21 09:47:51
YFI/UST,37625,37657,11-06-21 09:47:41
YFI/UST,37631,37664,11-06-21 09:47:31
YFI/UST,37621,37672,11-06-21 09:47:21
YFI/UST,37623,37671,11-06-21 09:47:11
YFI/UST,37631,37684,11-06-21 09:47:01
YFI/UST,37631,37684,11-06-21 09:46:51
YFI/UST,37640,37686,11-06-21 09:46:41
YFI/UST,37645,37690,11-06-21 09:46:31
YFI/UST,37653,37699,11-06-21 09:46:21
YFI/UST,37653,37694,11-06-21 09:46:11
YFI/UST,37636,37693,11-06-21 09:46:01
YFI/UST,37630,37691,11-06-21 09:45:51
YFI/UST,37626,37692,11-06-21 09:45:41
YFI/UST,37626,37700,11-06-21 09:45:31
YFI/UST,37678,37730,11-06-21 09:45:21
YFI/UST,37687,37740,11-06-21 09:45:11
YFI/UST,37687,37743,11-06-21 09:45:01
YFI/UST,37682,37742,11-06-21 09:44:51
YFI/UST,37704,37759,11-06-21 09:44:41
YFI/UST,37704,37757,11-06-21 09:44:31
YFI/UST,37712,37761,11-06-21 09:44:21
YFI/UST,37724,37766,11-06-21 09:44:11
YFI/UST,37725,37770,11-06-21 09:44:01
YFI/UST,37723,37771,11-06-21 09:43:51
YFI/UST,37724,37773,11-06-21 09:43:41
YFI/UST,37725,37775,11-06-21 09:43:31
YFI/UST,37728,37779,11-06-21 09:43:21
YFI/UST,37709,37764,11-06-21 09:43:11
YFI/UST,37715,37769,11-06-21 09:43:01
YFI/UST,37725,37784,11-06-21 09:42:51
YFI/UST,37723,37784,11-06-21 09:42:41
YFI/UST,37705,37771,11-06-21 09:42:31
YFI/UST,37717,37759,11-06-21 09:42:21
YFI/UST,37749,37775,11-06-21 09:42:11
YFI/UST,37757,37782,11-06-21 09:42:01
YFI/UST,37756,37782,11-06-21 09:41:51
YFI/UST,37756,37784,11-06-21 09:41:41
YFI/UST,37754,37787,11-06-21 09:41:31
YFI/UST,37750,37783,11-06-21 09:41:21
YFI/UST,37756,37788,11-06-21 09:41:11
YFI/UST,37758,37788,11-06-21 09:41:01
YFI/UST,37765,37793,11-06-21 09:40:51
YFI/UST,37760,37793,11-06-21 09:40:41
YFI/UST,37764,37793,11-06-21 09:40:31
YFI/UST,37756,37789,11-06-21 09:40:21
YFI/UST,37757,37786,11-06-21 09:40:11
YFI/UST,37752,37780,11-06-21 09:40:01
YFI/UST,37752,37778,11-06-21 09:39:51
YFI/UST,37749,37778,11-06-21 09:39:41
YFI/UST,37747,37775,11-06-21 09:39:31
YFI/UST,37749,37773,11-06-21 09:39:21
YFI/UST,37748,37777,11-06-21 09:39:11
YFI/UST,37740,37769,11-06-21 09:39:01
YFI/UST,37739,37782,11-06-21 09:38:51
YFI/UST,37740,37786,11-06-21 09:38:41
YFI/UST,37738,37786,11-06-21 09:38:31
YFI/UST,37740,37785,11-06-21 09:38:21
YFI/UST,37741,37786,11-06-21 09:38:11
YFI/UST,37725,37772,11-06-21 09:38:01
YFI/UST,37730,37780,11-06-21 09:37:51
YFI/UST,37734,37780,11-06-21 09:37:41
YFI/UST,37739,37795,11-06-21 09:37:31
YFI/UST,37758,37810,11-06-21 09:37:21
YFI/UST,37769,37812,11-06-21 09:37:11
YFI/UST,37777,37819,11-06-21 09:37:01
YFI/UST,37770,37827,11-06-21 09:36:51
YFI/UST,37768,37827,11-06-21 09:36:41
YFI/UST,37767,37825,11-06-21 09:36:31
YFI/UST,37768,37824,11-06-21 09:36:21
YFI/UST,37777,37838,11-06-21 09:36:11
YFI/UST,37767,37819,11-06-21 09:36:01
YFI/UST,37768,37820,11-06-21 09:35:51
YFI/UST,37764,37827,11-06-21 09:35:41
YFI/UST,37765,37827,11-06-21 09:35:31
YFI/UST,37766,37827,11-06-21 09:35:21
YFI/UST,37774,37842,11-06-21 09:35:11
YFI/UST,37785,37847,11-06-21 09:35:01
YFI/UST,37778,37847,11-06-21 09:34:51
YFI/UST,37777,37847,11-06-21 09:34:41
YFI/UST,37765,37855,11-06-21 09:34:31
YFI/UST,37767,37856,11-06-21 09:34:21
YFI/UST,37744,37825,11-06-21 09:34:11
YFI/UST,37759,37822,11-06-21 09:34:01
YFI/UST,37840,37872,11-06-21 09:33:50
YFI/UST,37848,37877,11-06-21 09:33:41
YFI/UST,37844,37873,11-06-21 09:33:31
YFI/UST,37851,37881,11-06-21 09:33:21
YFI/UST,37847,37882,11-06-21 09:33:11
YFI/UST,37835,37883,11-06-21 09:33:01
YFI/UST,37836,37885,11-06-21 09:32:51
YFI/UST,37849,37899,11-06-21 09:32:41
YFI/UST,37871,37914,11-06-21 09:32:31
YFI/UST,37886,37932,11-06-21 09:32:21
YFI/UST,37884,37928,11-06-21 09:32:11
YFI/UST,37897,37934,11-06-21 09:32:01
YFI/UST,37910,37944,11-06-21 09:31:51
YFI/UST,37919,37947,11-06-21 09:31:41
YFI/UST,37917,37951,11-06-21 09:31:31
YFI/UST,37917,37953,11-06-21 09:31:21
YFI/UST,37918,37967,11-06-21 09:31:11
YFI/UST,37919,37981,11-06-21 09:31:01
YFI/UST,37903,37970,11-06-21 09:30:51
YFI/UST,37893,37958,11-06-21 09:30:41
YFI/UST,37911,37963,11-06-21 09:30:31
YFI/UST,37880,37913,11-06-21 09:30:21
YFI/UST,37876,37906,11-06-21 09:30:11
YFI/UST,37867,37903,11-06-21 09:30:01
YFI/UST,37862,37907,11-06-21 09:29:51
YFI/UST,37868,37907,11-06-21 09:29:41
YFI/UST,37862,37898,11-06-21 09:29:31
YFI/UST,37853,37884,11-06-21 09:29:21
YFI/UST,37846,37877,11-06-21 09:29:11
YFI/UST,37851,37882,11-06-21 09:29:01
YFI/UST,37852,37882,11-06-21 09:28:51
YFI/UST,37848,37875,11-06-21 09:28:41
YFI/UST,37844,37874,11-06-21 09:28:31
YFI/UST,37845,37875,11-06-21 09:28:21
YFI/UST,37843,37884,11-06-21 09:28:11
YFI/UST,37838,37888,11-06-21 09:28:01
YFI/UST,37830,37879,11-06-21 09:27:51
YFI/UST,37830,37883,11-06-21 09:27:41
YFI/UST,37818,37863,11-06-21 09:27:31
YFI/UST,37807,37844,11-06-21 09:27:21
YFI/UST,37805,37846,11-06-21 09:27:11
YFI/UST,37790,37851,11-06-21 09:27:01
YFI/UST,37775,37866,11-06-21 09:26:51
YFI/UST,37756,37853,11-06-21 09:26:41
YFI/UST,37749,37856,11-06-21 09:26:31
YFI/UST,37726,37804,11-06-21 09:26:21
YFI/UST,37696,37756,11-06-21 09:26:11
YFI/UST,37674,37739,11-06-21 09:26:01
YFI/UST,37653,37717,11-06-21 09:25:51
YFI/UST,37656,37710,11-06-21 09:25:41
YFI/UST,37654,37695,11-06-21 09:25:31
YFI/UST,37629,37657,11-06-21 09:25:21
YFI/UST,37625,37657,11-06-21 09:25:11
YFI/UST,37622,37661,11-06-21 09:25:01
YFI/UST,37623,37664,11-06-21 09:24:51
YFI/UST,37626,37667,11-06-21 09:24:41
YFI/UST,37626,37661,11-06-21 09:24:31
YFI/UST,37641,37672,11-06-21 09:24:21
YFI/UST,37647,37681,11-06-21 09:24:11
YFI/UST,37643,37681,11-06-21 09:24:01
YFI/UST,37644,37683,11-06-21 09:23:51
YFI/UST,37630,37686,11-06-21 09:23:41
YFI/UST,37616,37690,11-06-21 09:23:31
YFI/UST,37607,37689,11-06-21 09:23:21
YFI/UST,37611,37684,11-06-21 09:23:11
YFI/UST,37592,37645,11-06-21 09:23:01
YFI/UST,37560,37608,11-06-21 09:22:51
YFI/UST,37555,37608,11-06-21 09:22:41
YFI/UST,37537,37588,11-06-21 09:22:31
YFI/UST,37557,37595,11-06-21 09:22:21
YFI/UST,37595,37625,11-06-21 09:22:11
YFI/UST,37597,37626,11-06-21 09:22:01
YFI/UST,37588,37629,11-06-21 09:21:51
YFI/UST,37586,37628,11-06-21 09:21:41
YFI/UST,37586,37625,11-06-21 09:21:31
YFI/UST,37586,37629,11-06-21 09:21:21
YFI/UST,37586,37628,11-06-21 09:21:11
YFI/UST,37586,37632,11-06-21 09:21:01
YFI/UST,37588,37637,11-06-21 09:20:51
YFI/UST,37586,37628,11-06-21 09:20:41
YFI/UST,37586,37628,11-06-21 09:20:31
YFI/UST,37586,37628,11-06-21 09:20:21
YFI/UST,37590,37633,11-06-21 09:20:11
YFI/UST,37600,37641,11-06-21 09:20:01
YFI/UST,37602,37649,11-06-21 09:19:51
YFI/UST,37601,37649,11-06-21 09:19:41
YFI/UST,37600,37648,11-06-21 09:19:31
YFI/UST,37595,37642,11-06-21 09:19:21
YFI/UST,37610,37650,11-06-21 09:19:11
YFI/UST,37607,37650,11-06-21 09:19:01
YFI/UST,37610,37657,11-06-21 09:18:51
YFI/UST,37609,37656,11-06-21 09:18:41
YFI/UST,37604,37654,11-06-21 09:18:31
YFI/UST,37592,37640,11-06-21 09:18:21
YFI/UST,37593,37631,11-06-21 09:18:11
YFI/UST,37590,37631,11-06-21 09:18:01
YFI/UST,37587,37631,11-06-21 09:17:51
YFI/UST,37561,37631,11-06-21 09:17:41
YFI/UST,37560,37631,11-06-21 09:17:31
YFI/UST,37574,37631,11-06-21 09:17:21
YFI/UST,37596,37631,11-06-21 09:17:11
YFI/UST,37601,37631,11-06-21 09:17:01
YFI/UST,37638,37665,11-06-21 09:16:51
YFI/UST,37640,37668,11-06-21 09:16:41
YFI/UST,37638,37667,11-06-21 09:16:31
YFI/UST,37641,37670,11-06-21 09:16:21
YFI/UST,37626,37676,11-06-21 09:16:11
YFI/UST,37617,37676,11-06-21 09:16:01
YFI/UST,37624,37676,11-06-21 09:15:51
YFI/UST,37620,37685,11-06-21 09:15:41
YFI/UST,37626,37690,11-06-21 09:15:31
YFI/UST,37650,37738,11-06-21 09:15:21
YFI/UST,37650,37738,11-06-21 09:15:11
YFI/UST,37605,37684,11-06-21 09:15:01
YFI/UST,37597,37658,11-06-21 09:14:51
YFI/UST,37564,37618,11-06-21 09:14:41
YFI/UST,37556,37620,11-06-21 09:14:31
YFI/UST,37558,37629,11-06-21 09:14:21
YFI/UST,37562,37626,11-06-21 09:14:11
YFI/UST,37558,37616,11-06-21 09:14:01
YFI/UST,37536,37584,11-06-21 09:13:51
YFI/UST,37535,37582,11-06-21 09:13:41
YFI/UST,37531,37578,11-06-21 09:13:31
YFI/UST,37529,37576,11-06-21 09:13:21
YFI/UST,37524,37574,11-06-21 09:13:11
YFI/UST,37523,37573,11-06-21 09:13:01
YFI/UST,37532,37583,11-06-21 09:12:51
YFI/UST,37526,37582,11-06-21 09:12:41
YFI/UST,37515,37566,11-06-21 09:12:31
YFI/UST,37515,37566,11-06-21 09:12:21
YFI/UST,37518,37566,11-06-21 09:12:11
YFI/UST,37542,37591,11-06-21 09:12:01
YFI/UST,37535,37584,11-06-21 09:11:51
YFI/UST,37530,37582,11-06-21 09:11:41
YFI/UST,37523,37578,11-06-21 09:11:31
YFI/UST,37520,37580,11-06-21 09:11:21
YFI/UST,37510,37580,11-06-21 09:11:11
YFI/UST,37510,37570,11-06-21 09:11:01
YFI/UST,37505,37566,11-06-21 09:10:51
YFI/UST,37490,37539,11-06-21 09:10:41
YFI/UST,37477,37528,11-06-21 09:10:31
YFI/UST,37481,37518,11-06-21 09:10:21
YFI/UST,37481,37518,11-06-21 09:10:11
YFI/UST,37476,37509,11-06-21 09:10:01
YFI/UST,37469,37502,11-06-21 09:09:51
YFI/UST,37469,37501,11-06-21 09:09:41
YFI/UST,37468,37499,11-06-21 09:09:31
YFI/UST,37453,37501,11-06-21 09:09:21
YFI/UST,37443,37502,11-06-21 09:09:11
YFI/UST,37441,37510,11-06-21 09:09:01
YFI/UST,37450,37521,11-06-21 09:08:51
YFI/UST,37422,37470,11-06-21 09:08:41
YFI/UST,37410,37453,11-06-21 09:08:31
YFI/UST,37405,37442,11-06-21 09:08:21
YFI/UST,37403,37437,11-06-21 09:08:11
YFI/UST,37385,37428,11-06-21 09:08:01
YFI/UST,37386,37436,11-06-21 09:07:51
YFI/UST,37388,37443,11-06-21 09:07:41
YFI/UST,37396,37443,11-06-21 09:07:31
YFI/UST,37413,37455,11-06-21 09:07:21
YFI/UST,37421,37468,11-06-21 09:07:11
YFI/UST,37432,37479,11-06-21 09:07:01
YFI/UST,37431,37474,11-06-21 09:06:51
YFI/UST,37416,37462,11-06-21 09:06:41
YFI/UST,37399,37450,11-06-21 09:06:31
YFI/UST,37399,37465,11-06-21 09:06:21
YFI/UST,37400,37462,11-06-21 09:06:11
YFI/UST,37380,37433,11-06-21 09:06:01
YFI/UST,37373,37427,11-06-21 09:05:51
YFI/UST,37368,37430,11-06-21 09:05:41
YFI/UST,37351,37417,11-06-21 09:05:31
YFI/UST,37364,37426,11-06-21 09:05:21
YFI/UST,37384,37434,11-06-21 09:05:11
YFI/UST,37380,37436,11-06-21 09:05:01
YFI/UST,37389,37462,11-06-21 09:04:51
YFI/UST,37384,37462,11-06-21 09:04:41
YFI/UST,37376,37440,11-06-21 09:04:31
YFI/UST,37360,37422,11-06-21 09:04:21
YFI/UST,37355,37410,11-06-21 09:04:11
YFI/UST,37332,37373,11-06-21 09:04:01
YFI/UST,37326,37371,11-06-21 09:03:51
YFI/UST,37321,37380,11-06-21 09:03:41
YFI/UST,37320,37378,11-06-21 09:03:31
YFI/UST,37352,37381,11-06-21 09:03:21
YFI/UST,37354,37390,11-06-21 09:03:11
YFI/UST,37345,37391,11-06-21 09:03:01
YFI/UST,37350,37420,11-06-21 09:02:51
YFI/UST,37354,37410,11-06-21 09:02:41
YFI/UST,37379,37445,11-06-21 09:02:31
YFI/UST,37406,37456,11-06-21 09:02:21
YFI/UST,37425,37469,11-06-21 09:02:11
YFI/UST,37425,37480,11-06-21 09:02:01
YFI/UST,37431,37487,11-06-21 09:01:51
YFI/UST,37436,37490,11-06-21 09:01:41
YFI/UST,37453,37491,11-06-21 09:01:31
YFI/UST,37462,37494,11-06-21 09:01:21
YFI/UST,37451,37501,11-06-21 09:01:11
YFI/UST,37445,37504,11-06-21 09:01:01
YFI/UST,37445,37506,11-06-21 09:00:51
YFI/UST,37430,37517,11-06-21 09:00:41
YFI/UST,37420,37496,11-06-21 09:00:31
YFI/UST,37389,37450,11-06-21 09:00:21
YFI/UST,37382,37430,11-06-21 09:00:11
YFI/UST,37359,37393,11-06-21 09:00:01
YFI/UST,37357,37394,11-06-21 08:59:51
YFI/UST,37356,37395,11-06-21 08:59:41
YFI/UST,37347,37386,11-06-21 08:59:31
YFI/UST,37346,37383,11-06-21 08:59:21
YFI/UST,37340,37378,11-06-21 08:59:11
YFI/UST,37363,37391,11-06-21 08:59:01
YFI/UST,37363,37392,11-06-21 08:58:51
YFI/UST,37362,37392,11-06-21 08:58:41
YFI/UST,37359,37389,11-06-21 08:58:31
YFI/UST,37369,37395,11-06-21 08:58:21
YFI/UST,37369,37395,11-06-21 08:58:11
YFI/UST,37372,37398,11-06-21 08:58:01
YFI/UST,37369,37396,11-06-21 08:57:51
YFI/UST,37369,37397,11-06-21 08:57:41
YFI/UST,37367,37396,11-06-21 08:57:31
YFI/UST,37365,37395,11-06-21 08:57:21
YFI/UST,37360,37392,11-06-21 08:57:11
YFI/UST,37357,37390,11-06-21 08:57:01
YFI/UST,37355,37391,11-06-21 08:56:51
YFI/UST,37351,37391,11-06-21 08:56:41
YFI/UST,37342,37382,11-06-21 08:56:31
YFI/UST,37352,37387,11-06-21 08:56:21
YFI/UST,37349,37381,11-06-21 08:56:11
YFI/UST,37364,37393,11-06-21 08:56:01
YFI/UST,37363,37392,11-06-21 08:55:51
YFI/UST,37365,37395,11-06-21 08:55:41
YFI/UST,37346,37391,11-06-21 08:55:31
YFI/UST,37355,37404,11-06-21 08:55:21
YFI/UST,37354,37401,11-06-21 08:55:11
YFI/UST,37364,37406,11-06-21 08:55:01
YFI/UST,37364,37409,11-06-21 08:54:51
YFI/UST,37366,37418,11-06-21 08:54:41
YFI/UST,37364,37416,11-06-21 08:54:31
YFI/UST,37357,37414,11-06-21 08:54:21
YFI/UST,37351,37415,11-06-21 08:54:11
YFI/UST,37337,37405,11-06-21 08:54:01
YFI/UST,37338,37406,11-06-21 08:53:51
YFI/UST,37332,37385,11-06-21 08:53:41
YFI/UST,37321,37363,11-06-21 08:53:31
YFI/UST,37313,37353,11-06-21 08:53:21
YFI/UST,37313,37352,11-06-21 08:53:11
YFI/UST,37315,37353,11-06-21 08:53:01
YFI/UST,37315,37354,11-06-21 08:52:51
YFI/UST,37303,37358,11-06-21 08:52:41
YFI/UST,37298,37358,11-06-21 08:52:31
YFI/UST,37299,37365,11-06-21 08:52:21
YFI/UST,37306,37364,11-06-21 08:52:11
YFI/UST,37336,37386,11-06-21 08:52:01
YFI/UST,37348,37398,11-06-21 08:51:51
YFI/UST,37340,37384,11-06-21 08:51:41
YFI/UST,37336,37382,11-06-21 08:51:31
YFI/UST,37329,37380,11-06-21 08:51:21
YFI/UST,37328,37380,11-06-21 08:51:11
YFI/UST,37326,37376,11-06-21 08:51:01
YFI/UST,37323,37368,11-06-21 08:50:51
YFI/UST,37324,37352,11-06-21 08:50:41
YFI/UST,37324,37353,11-06-21 08:50:31
YFI/UST,37321,37352,11-06-21 08:50:20
YFI/UST,37319,37352,11-06-21 08:50:11
YFI/UST,37325,37359,11-06-21 08:50:01
YFI/UST,37314,37346,11-06-21 08:49:51
YFI/UST,37312,37347,11-06-21 08:49:41
YFI/UST,37308,37346,11-06-21 08:49:31
YFI/UST,37305,37342,11-06-21 08:49:21
YFI/UST,37300,37333,11-06-21 08:49:11
YFI/UST,37294,37323,11-06-21 08:49:01
YFI/UST,37291,37319,11-06-21 08:48:51
YFI/UST,37289,37319,11-06-21 08:48:41
YFI/UST,37288,37320,11-06-21 08:48:31
YFI/UST,37290,37323,11-06-21 08:48:21
YFI/UST,37293,37332,11-06-21 08:48:11
YFI/UST,37294,37334,11-06-21 08:48:01
YFI/UST,37291,37330,11-06-21 08:47:51
YFI/UST,37283,37318,11-06-21 08:47:41
YFI/UST,37276,37309,11-06-21 08:47:31
YFI/UST,37278,37309,11-06-21 08:47:21
YFI/UST,37270,37302,11-06-21 08:47:11
YFI/UST,37265,37298,11-06-21 08:47:01
YFI/UST,37261,37297,11-06-21 08:46:51
YFI/UST,37259,37297,11-06-21 08:46:41
YFI/UST,37246,37297,11-06-21 08:46:31
YFI/UST,37237,37301,11-06-21 08:46:21
YFI/UST,37222,37301,11-06-21 08:46:11
YFI/UST,37227,37293,11-06-21 08:46:01
YFI/UST,37209,37260,11-06-21 08:45:51
YFI/UST,37191,37244,11-06-21 08:45:41
YFI/UST,37186,37246,11-06-21 08:45:31
YFI/UST,37177,37241,11-06-21 08:45:21
YFI/UST,37172,37230,11-06-21 08:45:11
YFI/UST,37198,37265,11-06-21 08:45:01
YFI/UST,37209,37272,11-06-21 08:44:51
YFI/UST,37242,37293,11-06-21 08:44:41
YFI/UST,37248,37296,11-06-21 08:44:31
YFI/UST,37250,37306,11-06-21 08:44:21
YFI/UST,37251,37314,11-06-21 08:44:11
YFI/UST,37247,37308,11-06-21 08:44:01
YFI/UST,37243,37312,11-06-21 08:43:51
YFI/UST,37219,37297,11-06-21 08:43:41
YFI/UST,37222,37298,11-06-21 08:43:31
YFI/UST,37212,37279,11-06-21 08:43:21
YFI/UST,37258,37307,11-06-21 08:43:11
YFI/UST,37274,37320,11-06-21 08:43:01
YFI/UST,37260,37309,11-06-21 08:42:51
YFI/UST,37258,37307,11-06-21 08:42:41
YFI/UST,37265,37315,11-06-21 08:42:31
YFI/UST,37263,37317,11-06-21 08:42:21
YFI/UST,37270,37325,11-06-21 08:42:11
YFI/UST,37273,37325,11-06-21 08:42:01
YFI/UST,37267,37316,11-06-21 08:41:51
YFI/UST,37252,37304,11-06-21 08:41:41
YFI/UST,37264,37319,11-06-21 08:41:31
YFI/UST,37264,37303,11-06-21 08:41:21
YFI/UST,37255,37295,11-06-21 08:41:11
YFI/UST,37257,37299,11-06-21 08:41:01
YFI/UST,37250,37294,11-06-21 08:40:51
YFI/UST,37248,37294,11-06-21 08:40:41
YFI/UST,37263,37308,11-06-21 08:40:31
YFI/UST,37263,37306,11-06-21 08:40:21
YFI/UST,37238,37290,11-06-21 08:40:11
YFI/UST,37233,37291,11-06-21 08:40:01
YFI/UST,37230,37289,11-06-21 08:39:51
YFI/UST,37249,37308,11-06-21 08:39:41
YFI/UST,37268,37313,11-06-21 08:39:31
YFI/UST,37297,37347,11-06-21 08:39:21
YFI/UST,37301,37348,11-06-21 08:39:11
YFI/UST,37299,37338,11-06-21 08:39:01
YFI/UST,37315,37365,11-06-21 08:38:51
YFI/UST,37327,37365,11-06-21 08:38:41
YFI/UST,37355,37394,11-06-21 08:38:31
YFI/UST,37352,37402,11-06-21 08:38:21
YFI/UST,37335,37393,11-06-21 08:38:11
YFI/UST,37346,37402,11-06-21 08:38:01
YFI/UST,37370,37424,11-06-21 08:37:51
YFI/UST,37398,37441,11-06-21 08:37:41
YFI/UST,37415,37471,11-06-21 08:37:31
YFI/UST,37421,37467,11-06-21 08:37:21
YFI/UST,37407,37448,11-06-21 08:37:11
YFI/UST,37402,37450,11-06-21 08:37:01
YFI/UST,37402,37452,11-06-21 08:36:51
YFI/UST,37399,37448,11-06-21 08:36:41
YFI/UST,37402,37442,11-06-21 08:36:31
YFI/UST,37390,37440,11-06-21 08:36:21
YFI/UST,37387,37438,11-06-21 08:36:11
YFI/UST,37396,37445,11-06-21 08:36:01
YFI/UST,37394,37443,11-06-21 08:35:51
YFI/UST,37396,37460,11-06-21 08:35:41
YFI/UST,37387,37467,11-06-21 08:35:31
YFI/UST,37381,37458,11-06-21 08:35:21
YFI/UST,37373,37438,11-06-21 08:35:11
YFI/UST,37357,37426,11-06-21 08:35:01
YFI/UST,37345,37415,11-06-21 08:34:51
YFI/UST,37345,37415,11-06-21 08:34:41
YFI/UST,37349,37415,11-06-21 08:34:31
YFI/UST,37382,37448,11-06-21 08:34:21
YFI/UST,37382,37452,11-06-21 08:34:11
YFI/UST,37382,37447,11-06-21 08:34:01
YFI/UST,37375,37438,11-06-21 08:33:51
YFI/UST,37369,37438,11-06-21 08:33:41
YFI/UST,37368,37438,11-06-21 08:33:31
YFI/UST,37355,37419,11-06-21 08:33:21
YFI/UST,37336,37410,11-06-21 08:33:11
YFI/UST,37342,37410,11-06-21 08:33:01
YFI/UST,37332,37405,11-06-21 08:32:51
YFI/UST,37352,37398,11-06-21 08:32:41
YFI/UST,37416,37453,11-06-21 08:32:31
YFI/UST,37410,37444,11-06-21 08:32:21
YFI/UST,37415,37459,11-06-21 08:32:11
YFI/UST,37424,37473,11-06-21 08:32:01
YFI/UST,37403,37463,11-06-21 08:31:51
YFI/UST,37404,37463,11-06-21 08:31:41
YFI/UST,37401,37463,11-06-21 08:31:31
YFI/UST,37424,37505,11-06-21 08:31:21
YFI/UST,37452,37513,11-06-21 08:31:11
YFI/UST,37467,37516,11-06-21 08:31:01
YFI/UST,37487,37534,11-06-21 08:30:51
YFI/UST,37501,37552,11-06-21 08:30:41
YFI/UST,37497,37563,11-06-21 08:30:31
YFI/UST,37510,37573,11-06-21 08:30:21
YFI/UST,37526,37582,11-06-21 08:30:11
YFI/UST,37492,37540,11-06-21 08:30:01
YFI/UST,37484,37540,11-06-21 08:29:51
YFI/UST,37499,37563,11-06-21 08:29:41
YFI/UST,37498,37558,11-06-21 08:29:31
YFI/UST,37492,37549,11-06-21 08:29:21
YFI/UST,37463,37515,11-06-21 08:29:11
YFI/UST,37492,37539,11-06-21 08:29:01
YFI/UST,37506,37556,11-06-21 08:28:51
YFI/UST,37508,37565,11-06-21 08:28:41
YFI/UST,37507,37568,11-06-21 08:28:31
YFI/UST,37508,37564,11-06-21 08:28:21
YFI/UST,37502,37558,11-06-21 08:28:11
YFI/UST,37487,37542,11-06-21 08:28:01
YFI/UST,37504,37550,11-06-21 08:27:51
YFI/UST,37511,37557,11-06-21 08:27:41
YFI/UST,37516,37553,11-06-21 08:27:31
YFI/UST,37515,37556,11-06-21 08:27:21
YFI/UST,37518,37561,11-06-21 08:27:11
YFI/UST,37505,37547,11-06-21 08:27:01
YFI/UST,37503,37546,11-06-21 08:26:51
YFI/UST,37523,37568,11-06-21 08:26:41
YFI/UST,37502,37542,11-06-21 08:26:31
YFI/UST,37502,37552,11-06-21 08:26:21
YFI/UST,37494,37539,11-06-21 08:26:11
YFI/UST,37487,37519,11-06-21 08:26:01
YFI/UST,37469,37501,11-06-21 08:25:51
YFI/UST,37470,37500,11-06-21 08:25:41
YFI/UST,37473,37513,11-06-21 08:25:31
YFI/UST,37471,37522,11-06-21 08:25:21
YFI/UST,37469,37526,11-06-21 08:25:11
YFI/UST,37466,37530,11-06-21 08:25:01
YFI/UST,37454,37526,11-06-21 08:24:51
YFI/UST,37437,37516,11-06-21 08:24:41
YFI/UST,37433,37502,11-06-21 08:24:31
YFI/UST,37406,37458,11-06-21 08:24:21
YFI/UST,37399,37442,11-06-21 08:24:11
YFI/UST,37388,37423,11-06-21 08:24:01
YFI/UST,37375,37410,11-06-21 08:23:51
YFI/UST,37366,37402,11-06-21 08:23:41
YFI/UST,37379,37408,11-06-21 08:23:31
YFI/UST,37384,37410,11-06-21 08:23:21
YFI/UST,37389,37416,11-06-21 08:23:11
YFI/UST,37388,37415,11-06-21 08:23:01
YFI/UST,37380,37427,11-06-21 08:22:51
YFI/UST,37378,37426,11-06-21 08:22:41
YFI/UST,37376,37423,11-06-21 08:22:31
YFI/UST,37373,37427,11-06-21 08:22:21
YFI/UST,37363,37408,11-06-21 08:22:11
YFI/UST,37366,37415,11-06-21 08:22:01
YFI/UST,37367,37418,11-06-21 08:21:51
YFI/UST,37354,37394,11-06-21 08:21:41
YFI/UST,37353,37406,11-06-21 08:21:31
YFI/UST,37348,37402,11-06-21 08:21:21
YFI/UST,37342,37397,11-06-21 08:21:11
YFI/UST,37341,37396,11-06-21 08:21:01
YFI/UST,37338,37393,11-06-21 08:20:51
YFI/UST,37319,37382,11-06-21 08:20:41
YFI/UST,37328,37382,11-06-21 08:20:31
YFI/UST,37343,37407,11-06-21 08:20:21
YFI/UST,37356,37422,11-06-21 08:20:11
YFI/UST,37355,37429,11-06-21 08:20:01
YFI/UST,37355,37418,11-06-21 08:19:51
YFI/UST,37348,37397,11-06-21 08:19:41
YFI/UST,37331,37369,11-06-21 08:19:31
YFI/UST,37330,37369,11-06-21 08:19:21
YFI/UST,37329,37377,11-06-21 08:19:11
YFI/UST,37329,37377,11-06-21 08:19:01
YFI/UST,37326,37377,11-06-21 08:18:51
YFI/UST,37317,37359,11-06-21 08:18:41
YFI/UST,37322,37377,11-06-21 08:18:31
YFI/UST,37356,37400,11-06-21 08:18:21
YFI/UST,37354,37401,11-06-21 08:18:11
YFI/UST,37354,37400,11-06-21 08:18:01
YFI/UST,37364,37403,11-06-21 08:17:51
YFI/UST,37352,37400,11-06-21 08:17:41
YFI/UST,37343,37407,11-06-21 08:17:31
YFI/UST,37348,37407,11-06-21 08:17:21
YFI/UST,37361,37415,11-06-21 08:17:11
YFI/UST,37390,37430,11-06-21 08:17:01
YFI/UST,37416,37453,11-06-21 08:16:51
YFI/UST,37409,37442,11-06-21 08:16:41
YFI/UST,37410,37443,11-06-21 08:16:31
YFI/UST,37414,37450,11-06-21 08:16:21
YFI/UST,37403,37440,11-06-21 08:16:11
YFI/UST,37407,37443,11-06-21 08:16:01
YFI/UST,37409,37443,11-06-21 08:15:51
YFI/UST,37409,37459,11-06-21 08:15:41
YFI/UST,37409,37469,11-06-21 08:15:31
YFI/UST,37411,37465,11-06-21 08:15:21
YFI/UST,37415,37460,11-06-21 08:15:11
YFI/UST,37385,37418,11-06-21 08:15:01
YFI/UST,37396,37427,11-06-21 08:14:51
YFI/UST,37387,37428,11-06-21 08:14:41
YFI/UST,37381,37437,11-06-21 08:14:31
YFI/UST,37382,37437,11-06-21 08:14:21
YFI/UST,37391,37447,11-06-21 08:14:11
YFI/UST,37407,37451,11-06-21 08:14:01
YFI/UST,37441,37478,11-06-21 08:13:51
YFI/UST,37434,37470,11-06-21 08:13:41
YFI/UST,37453,37485,11-06-21 08:13:31
YFI/UST,37449,37489,11-06-21 08:13:21
YFI/UST,37441,37484,11-06-21 08:13:11
YFI/UST,37440,37483,11-06-21 08:13:01
YFI/UST,37438,37482,11-06-21 08:12:51
YFI/UST,37438,37497,11-06-21 08:12:41
YFI/UST,37436,37507,11-06-21 08:12:31
YFI/UST,37421,37486,11-06-21 08:12:21
YFI/UST,37461,37506,11-06-21 08:12:11
YFI/UST,37498,37534,11-06-21 08:12:01
YFI/UST,37515,37549,11-06-21 08:11:51
YFI/UST,37505,37541,11-06-21 08:11:41
YFI/UST,37503,37539,11-06-21 08:11:31
YFI/UST,37515,37548,11-06-21 08:11:21
YFI/UST,37514,37546,11-06-21 08:11:11
YFI/UST,37522,37553,11-06-21 08:11:01
YFI/UST,37519,37551,11-06-21 08:10:51
YFI/UST,37521,37568,11-06-21 08:10:41
YFI/UST,37513,37570,11-06-21 08:10:31
YFI/UST,37507,37557,11-06-21 08:10:21
YFI/UST,37515,37557,11-06-21 08:10:11
YFI/UST,37548,37582,11-06-21 08:10:01
YFI/UST,37553,37587,11-06-21 08:09:51
YFI/UST,37553,37589,11-06-21 08:09:41
YFI/UST,37553,37586,11-06-21 08:09:31
YFI/UST,37551,37607,11-06-21 08:09:21
YFI/UST,37539,37591,11-06-21 08:09:11
YFI/UST,37539,37582,11-06-21 08:09:01
YFI/UST,37533,37581,11-06-21 08:08:51
YFI/UST,37519,37550,11-06-21 08:08:41
YFI/UST,37512,37557,11-06-21 08:08:31
YFI/UST,37511,37555,11-06-21 08:08:21
YFI/UST,37496,37554,11-06-21 08:08:11
YFI/UST,37496,37559,11-06-21 08:08:01
YFI/UST,37482,37534,11-06-21 08:07:51
YFI/UST,37482,37571,11-06-21 08:07:41
YFI/UST,37471,37547,11-06-21 08:07:31
YFI/UST,37456,37530,11-06-21 08:07:21
YFI/UST,37423,37475,11-06-21 08:07:11
YFI/UST,37410,37466,11-06-21 08:07:01
YFI/UST,37404,37462,11-06-21 08:06:51
YFI/UST,37420,37474,11-06-21 08:06:41
YFI/UST,37402,37449,11-06-21 08:06:31
YFI/UST,37400,37452,11-06-21 08:06:21
YFI/UST,37413,37451,11-06-21 08:06:11
YFI/UST,37413,37459,11-06-21 08:06:01
YFI/UST,37413,37460,11-06-21 08:05:51
YFI/UST,37413,37472,11-06-21 08:05:41
YFI/UST,37398,37469,11-06-21 08:05:31
YFI/UST,37450,37483,11-06-21 08:05:21
YFI/UST,37416,37490,11-06-21 08:05:11
YFI/UST,37377,37451,11-06-21 08:05:01
YFI/UST,37442,37496,11-06-21 08:04:51
YFI/UST,37412,37476,11-06-21 08:04:41
YFI/UST,37375,37435,11-06-21 08:04:31
YFI/UST,37346,37407,11-06-21 08:04:21
YFI/UST,37343,37406,11-06-21 08:04:11
YFI/UST,37339,37424,11-06-21 08:04:01
YFI/UST,37319,37408,11-06-21 08:03:51
YFI/UST,37309,37400,11-06-21 08:03:41
YFI/UST,37283,37369,11-06-21 08:03:31
YFI/UST,37269,37336,11-06-21 08:03:21
YFI/UST,37214,37283,11-06-21 08:03:11
YFI/UST,37219,37308,11-06-21 08:03:01
YFI/UST,37215,37295,11-06-21 08:02:51
YFI/UST,37237,37322,11-06-21 08:02:41
YFI/UST,37306,37369,11-06-21 08:02:31
YFI/UST,37306,37371,11-06-21 08:02:21
YFI/UST,37335,37378,11-06-21 08:02:11
YFI/UST,37335,37420,11-06-21 08:02:01
YFI/UST,37335,37426,11-06-21 08:01:51
YFI/UST,37311,37398,11-06-21 08:01:40
YFI/UST,37303,37369,11-06-21 08:01:31
YFI/UST,37248,37287,11-06-21 08:01:21
YFI/UST,37246,37287,11-06-21 08:01:11
YFI/UST,37244,37295,11-06-21 08:01:01
YFI/UST,37234,37295,11-06-21 08:00:51
YFI/UST,37242,37295,11-06-21 08:00:41
YFI/UST,37255,37295,11-06-21 08:00:31
YFI/UST,37285,37329,11-06-21 08:00:21
YFI/UST,37285,37329,11-06-21 08:00:11
YFI/UST,37285,37343,11-06-21 08:00:01
YFI/UST,37251,37314,11-06-21 07:59:51
YFI/UST,37255,37305,11-06-21 07:59:41
YFI/UST,37262,37305,11-06-21 07:59:31
YFI/UST,37296,37348,11-06-21 07:59:21
YFI/UST,37296,37348,11-06-21 07:59:11
YFI/UST,37318,37392,11-06-21 07:59:01
YFI/UST,37287,37331,11-06-21 07:58:51
YFI/UST,37290,37331,11-06-21 07:58:41
YFI/UST,37285,37331,11-06-21 07:58:31
YFI/UST,37274,37318,11-06-21 07:58:21
YFI/UST,37264,37308,11-06-21 07:58:11
YFI/UST,37275,37308,11-06-21 07:58:01
YFI/UST,37272,37319,11-06-21 07:57:51
YFI/UST,37260,37314,11-06-21 07:57:41
YFI/UST,37268,37321,11-06-21 07:57:31
YFI/UST,37260,37302,11-06-21 07:57:21
YFI/UST,37250,37295,11-06-21 07:57:11
YFI/UST,37235,37277,11-06-21 07:57:01
YFI/UST,37246,37286,11-06-21 07:56:51
YFI/UST,37259,37299,11-06-21 07:56:41
YFI/UST,37265,37310,11-06-21 07:56:31
YFI/UST,37263,37307,11-06-21 07:56:21
YFI/UST,37265,37308,11-06-21 07:56:11
YFI/UST,37279,37321,11-06-21 07:56:01
YFI/UST,37279,37324,11-06-21 07:55:51
YFI/UST,37292,37337,11-06-21 07:55:41
YFI/UST,37303,37349,11-06-21 07:55:31
YFI/UST,37284,37346,11-06-21 07:55:21
YFI/UST,37298,37357,11-06-21 07:55:11
YFI/UST,37309,37390,11-06-21 07:55:01
YFI/UST,37281,37364,11-06-21 07:54:51
YFI/UST,37257,37348,11-06-21 07:54:41
YFI/UST,37254,37323,11-06-21 07:54:31
YFI/UST,37233,37276,11-06-21 07:54:21
YFI/UST,37203,37238,11-06-21 07:54:11
YFI/UST,37205,37240,11-06-21 07:54:01
YFI/UST,37213,37263,11-06-21 07:53:51
YFI/UST,37192,37249,11-06-21 07:53:41
YFI/UST,37194,37257,11-06-21 07:53:31
YFI/UST,37205,37268,11-06-21 07:53:21
YFI/UST,37169,37217,11-06-21 07:53:11
YFI/UST,37173,37220,11-06-21 07:53:01
YFI/UST,37174,37210,11-06-21 07:52:51
YFI/UST,37147,37194,11-06-21 07:52:41
YFI/UST,37145,37199,11-06-21 07:52:31
YFI/UST,37143,37202,11-06-21 07:52:21
YFI/UST,37133,37189,11-06-21 07:52:11
YFI/UST,37151,37208,11-06-21 07:52:01
YFI/UST,37154,37224,11-06-21 07:51:51
YFI/UST,37146,37222,11-06-21 07:51:41
YFI/UST,37166,37234,11-06-21 07:51:31
YFI/UST,37164,37228,11-06-21 07:51:21
YFI/UST,37100,37167,11-06-21 07:51:11
YFI/UST,37119,37211,11-06-21 07:51:01
YFI/UST,37119,37211,11-06-21 07:50:51
YFI/UST,37119,37196,11-06-21 07:50:41
YFI/UST,37013,37190,11-06-21 07:50:31
YFI/UST,37013,37190,11-06-21 07:50:21
YFI/UST,37013,37190,11-06-21 07:50:11
YFI/UST,37013,37190,11-06-21 07:50:01
YFI/UST,37032,37190,11-06-21 07:49:51
YFI/UST,37080,37190,11-06-21 07:49:41
YFI/UST,37090,37190,11-06-21 07:49:31
YFI/UST,37078,37190,11-06-21 07:49:21
YFI/UST,37078,37190,11-06-21 07:49:11
YFI/UST,37162,37234,11-06-21 07:49:01
YFI/UST,37164,37234,11-06-21 07:48:51
YFI/UST,37162,37234,11-06-21 07:48:41
YFI/UST,37149,37224,11-06-21 07:48:31
YFI/UST,37156,37222,11-06-21 07:48:21
YFI/UST,37223,37318,11-06-21 07:48:11
YFI/UST,37255,37318,11-06-21 07:48:01
YFI/UST,37282,37350,11-06-21 07:47:51
YFI/UST,37297,37359,11-06-21 07:47:41
YFI/UST,37327,37412,11-06-21 07:47:31
YFI/UST,37317,37404,11-06-21 07:47:21
YFI/UST,37306,37365,11-06-21 07:47:11
YFI/UST,37285,37320,11-06-21 07:47:01
YFI/UST,37256,37283,11-06-21 07:46:51
YFI/UST,37247,37283,11-06-21 07:46:41
YFI/UST,37237,37288,11-06-21 07:46:31
YFI/UST,37239,37288,11-06-21 07:46:21
YFI/UST,37260,37310,11-06-21 07:46:11
YFI/UST,37288,37357,11-06-21 07:46:01
YFI/UST,37295,37357,11-06-21 07:45:51
YFI/UST,37324,37388,11-06-21 07:45:41
YFI/UST,37315,37401,11-06-21 07:45:31
YFI/UST,37329,37424,11-06-21 07:45:21
YFI/UST,37324,37421,11-06-21 07:45:11
YFI/UST,37317,37387,11-06-21 07:45:01
YFI/UST,37292,37353,11-06-21 07:44:51
YFI/UST,37273,37350,11-06-21 07:44:41
YFI/UST,37274,37331,11-06-21 07:44:31
YFI/UST,37266,37331,11-06-21 07:44:21
YFI/UST,37249,37331,11-06-21 07:44:11
YFI/UST,37258,37331,11-06-21 07:44:01
YFI/UST,37254,37331,11-06-21 07:43:51
YFI/UST,37254,37320,11-06-21 07:43:41
YFI/UST,37192,37265,11-06-21 07:43:31
YFI/UST,37187,37265,11-06-21 07:43:21
YFI/UST,37186,37265,11-06-21 07:43:11
YFI/UST,37177,37246,11-06-21 07:43:01
YFI/UST,37203,37283,11-06-21 07:42:51
YFI/UST,37200,37283,11-06-21 07:42:41
YFI/UST,37194,37282,11-06-21 07:42:31
YFI/UST,37220,37288,11-06-21 07:42:21
YFI/UST,37283,37324,11-06-21 07:42:11
YFI/UST,37285,37327,11-06-21 07:42:01
YFI/UST,37283,37330,11-06-21 07:41:51
YFI/UST,37281,37330,11-06-21 07:41:41
YFI/UST,37294,37329,11-06-21 07:41:31
YFI/UST,37294,37329,11-06-21 07:41:21
YFI/UST,37312,37344,11-06-21 07:41:11
YFI/UST,37312,37346,11-06-21 07:41:01
YFI/UST,37312,37347,11-06-21 07:40:51
YFI/UST,37319,37352,11-06-21 07:40:41
YFI/UST,37328,37361,11-06-21 07:40:31
YFI/UST,37328,37361,11-06-21 07:40:21
YFI/UST,37318,37352,11-06-21 07:40:11
YFI/UST,37331,37362,11-06-21 07:40:01
YFI/UST,37329,37359,11-06-21 07:39:51
YFI/UST,37322,37359,11-06-21 07:39:41
YFI/UST,37327,37370,11-06-21 07:39:31
YFI/UST,37324,37361,11-06-21 07:39:21
YFI/UST,37319,37360,11-06-21 07:39:11
YFI/UST,37302,37344,11-06-21 07:39:01
YFI/UST,37309,37347,11-06-21 07:38:51
YFI/UST,37317,37358,11-06-21 07:38:41
YFI/UST,37324,37362,11-06-21 07:38:31
YFI/UST,37320,37360,11-06-21 07:38:21
YFI/UST,37326,37363,11-06-21 07:38:11
YFI/UST,37351,37379,11-06-21 07:38:01
YFI/UST,37354,37383,11-06-21 07:37:51
YFI/UST,37351,37382,11-06-21 07:37:41
YFI/UST,37357,37389,11-06-21 07:37:31
YFI/UST,37349,37385,11-06-21 07:37:21
YFI/UST,37338,37389,11-06-21 07:37:11
YFI/UST,37353,37397,11-06-21 07:37:01
YFI/UST,37354,37397,11-06-21 07:36:51
YFI/UST,37364,37407,11-06-21 07:36:41
YFI/UST,37366,37413,11-06-21 07:36:31
YFI/UST,37362,37410,11-06-21 07:36:21
YFI/UST,37367,37414,11-06-21 07:36:11
YFI/UST,37367,37412,11-06-21 07:36:01
YFI/UST,37357,37403,11-06-21 07:35:51
YFI/UST,37360,37406,11-06-21 07:35:41
YFI/UST,37353,37399,11-06-21 07:35:31
YFI/UST,37364,37409,11-06-21 07:35:21
YFI/UST,37360,37401,11-06-21 07:35:11
YFI/UST,37355,37404,11-06-21 07:35:01
YFI/UST,37353,37403,11-06-21 07:34:51
YFI/UST,37352,37407,11-06-21 07:34:41
YFI/UST,37350,37407,11-06-21 07:34:31
YFI/UST,37350,37406,11-06-21 07:34:21
YFI/UST,37350,37404,11-06-21 07:34:11
YFI/UST,37327,37403,11-06-21 07:34:01
YFI/UST,37317,37387,11-06-21 07:33:51
YFI/UST,37317,37392,11-06-21 07:33:41
YFI/UST,37358,37418,11-06-21 07:33:31
YFI/UST,37299,37365,11-06-21 07:33:21
YFI/UST,37293,37355,11-06-21 07:33:11
YFI/UST,37333,37390,11-06-21 07:33:01
YFI/UST,37324,37418,11-06-21 07:32:51
YFI/UST,37295,37405,11-06-21 07:32:41
YFI/UST,37295,37405,11-06-21 07:32:31
YFI/UST,37311,37396,11-06-21 07:32:21
YFI/UST,37169,37250,11-06-21 07:32:11
YFI/UST,37129,37225,11-06-21 07:32:01
YFI/UST,37121,37209,11-06-21 07:31:51
YFI/UST,37072,37126,11-06-21 07:31:41
YFI/UST,37058,37096,11-06-21 07:31:31
YFI/UST,37056,37090,11-06-21 07:31:21
YFI/UST,37041,37076,11-06-21 07:31:11
YFI/UST,37042,37076,11-06-21 07:31:01
YFI/UST,37049,37078,11-06-21 07:30:51
YFI/UST,37036,37062,11-06-21 07:30:41
YFI/UST,37037,37063,11-06-21 07:30:31
YFI/UST,37036,37064,11-06-21 07:30:21
YFI/UST,37040,37068,11-06-21 07:30:11
YFI/UST,37036,37065,11-06-21 07:30:01
YFI/UST,37036,37065,11-06-21 07:29:51
YFI/UST,37038,37067,11-06-21 07:29:41
YFI/UST,37034,37074,11-06-21 07:29:31
YFI/UST,37027,37073,11-06-21 07:29:21
YFI/UST,37028,37075,11-06-21 07:29:11
YFI/UST,37032,37076,11-06-21 07:29:01
YFI/UST,37043,37085,11-06-21 07:28:51
YFI/UST,37055,37099,11-06-21 07:28:41
YFI/UST,37054,37096,11-06-21 07:28:31
YFI/UST,37059,37093,11-06-21 07:28:21
YFI/UST,37044,37078,11-06-21 07:28:11
YFI/UST,37044,37082,11-06-21 07:28:01
YFI/UST,37040,37083,11-06-21 07:27:51
YFI/UST,37033,37074,11-06-21 07:27:41
YFI/UST,37043,37081,11-06-21 07:27:31
YFI/UST,37049,37092,11-06-21 07:27:21
YFI/UST,37057,37102,11-06-21 07:27:11
YFI/UST,37048,37119,11-06-21 07:27:01
YFI/UST,37041,37120,11-06-21 07:26:51
YFI/UST,37055,37134,11-06-21 07:26:41
YFI/UST,37054,37104,11-06-21 07:26:31
YFI/UST,37013,37041,11-06-21 07:26:21
YFI/UST,37006,37041,11-06-21 07:26:11
YFI/UST,37009,37041,11-06-21 07:26:01
YFI/UST,37009,37041,11-06-21 07:25:51
YFI/UST,36995,37019,11-06-21 07:25:41
YFI/UST,36995,37020,11-06-21 07:25:31
YFI/UST,36995,37020,11-06-21 07:25:21
YFI/UST,36992,37022,11-06-21 07:25:11
YFI/UST,36994,37025,11-06-21 07:25:01
YFI/UST,36994,37024,11-06-21 07:24:51
YFI/UST,36997,37025,11-06-21 07:24:41
YFI/UST,36999,37026,11-06-21 07:24:31
YFI/UST,37005,37031,11-06-21 07:24:21
YFI/UST,37004,37031,11-06-21 07:24:11
YFI/UST,36998,37027,11-06-21 07:24:01
YFI/UST,37001,37029,11-06-21 07:23:51
YFI/UST,36991,37032,11-06-21 07:23:41
YFI/UST,36993,37029,11-06-21 07:23:31
YFI/UST,36991,37030,11-06-21 07:23:21
YFI/UST,36996,37039,11-06-21 07:23:11
YFI/UST,37027,37057,11-06-21 07:23:01
YFI/UST,37026,37064,11-06-21 07:22:51
YFI/UST,37027,37074,11-06-21 07:22:41
YFI/UST,37022,37072,11-06-21 07:22:31
YFI/UST,37015,37065,11-06-21 07:22:21
YFI/UST,37010,37048,11-06-21 07:22:11
YFI/UST,37006,37044,11-06-21 07:22:01
YFI/UST,37000,37037,11-06-21 07:21:51
YFI/UST,37000,37036,11-06-21 07:21:41
YFI/UST,36990,37023,11-06-21 07:21:31
YFI/UST,36964,37043,11-06-21 07:21:21
YFI/UST,36967,37043,11-06-21 07:21:11
YFI/UST,36987,37070,11-06-21 07:21:01
YFI/UST,36989,37070,11-06-21 07:20:51
YFI/UST,36996,37080,11-06-21 07:20:41
YFI/UST,37034,37098,11-06-21 07:20:31
YFI/UST,37036,37116,11-06-21 07:20:21
YFI/UST,37044,37108,11-06-21 07:20:11
YFI/UST,37043,37078,11-06-21 07:20:01
YFI/UST,37027,37074,11-06-21 07:19:51
YFI/UST,37025,37073,11-06-21 07:19:41
YFI/UST,37025,37078,11-06-21 07:19:31
YFI/UST,37023,37073,11-06-21 07:19:21
YFI/UST,37046,37101,11-06-21 07:19:11
YFI/UST,37019,37083,11-06-21 07:19:01
YFI/UST,37002,37072,11-06-21 07:18:51
YFI/UST,37002,37066,11-06-21 07:18:41
YFI/UST,36991,37057,11-06-21 07:18:31
YFI/UST,36957,37013,11-06-21 07:18:21
YFI/UST,36949,36993,11-06-21 07:18:11
YFI/UST,36934,36971,11-06-21 07:18:01
YFI/UST,36922,36967,11-06-21 07:17:51
YFI/UST,36917,36971,11-06-21 07:17:41
YFI/UST,36907,36969,11-06-21 07:17:31
YFI/UST,36923,36991,11-06-21 07:17:21
YFI/UST,36939,36994,11-06-21 07:17:11
YFI/UST,36907,36949,11-06-21 07:17:01
YFI/UST,36908,36946,11-06-21 07:16:51
YFI/UST,36896,36935,11-06-21 07:16:41
YFI/UST,36884,36923,11-06-21 07:16:31
YFI/UST,36890,36934,11-06-21 07:16:21
YFI/UST,36884,36945,11-06-21 07:16:11
YFI/UST,36880,36944,11-06-21 07:16:01
YFI/UST,36888,36939,11-06-21 07:15:51
YFI/UST,36870,36915,11-06-21 07:15:41
YFI/UST,36855,36887,11-06-21 07:15:31
YFI/UST,36844,36874,11-06-21 07:15:21
YFI/UST,36845,36874,11-06-21 07:15:11
YFI/UST,36841,36872,11-06-21 07:15:01
YFI/UST,36835,36866,11-06-21 07:14:51
YFI/UST,36842,36874,11-06-21 07:14:41
YFI/UST,36834,36867,11-06-21 07:14:31
YFI/UST,36841,36874,11-06-21 07:14:21
YFI/UST,36834,36872,11-06-21 07:14:11
YFI/UST,36831,36870,11-06-21 07:14:01
YFI/UST,36825,36870,11-06-21 07:13:51
YFI/UST,36830,36878,11-06-21 07:13:41
YFI/UST,36835,36895,11-06-21 07:13:31
YFI/UST,36833,36892,11-06-21 07:13:21
YFI/UST,36804,36871,11-06-21 07:13:11
YFI/UST,36812,36875,11-06-21 07:13:01
YFI/UST,36812,36871,11-06-21 07:12:51
YFI/UST,36832,36885,11-06-21 07:12:41
YFI/UST,36845,36897,11-06-21 07:12:31
YFI/UST,36848,36918,11-06-21 07:12:21
YFI/UST,36841,36903,11-06-21 07:12:11
YFI/UST,36834,36905,11-06-21 07:12:01
YFI/UST,36829,36907,11-06-21 07:11:51
YFI/UST,36797,36873,11-06-21 07:11:41
YFI/UST,36815,36888,11-06-21 07:11:31
YFI/UST,36849,36913,11-06-21 07:11:21
YFI/UST,36878,36940,11-06-21 07:11:11
YFI/UST,36878,36905,11-06-21 07:11:01
YFI/UST,36864,36905,11-06-21 07:10:51
YFI/UST,36854,36903,11-06-21 07:10:41
YFI/UST,36858,36905,11-06-21 07:10:31
YFI/UST,36857,36905,11-06-21 07:10:21
YFI/UST,36856,36906,11-06-21 07:10:11
YFI/UST,36845,36900,11-06-21 07:10:01
YFI/UST,36825,36892,11-06-21 07:09:51
YFI/UST,36835,36912,11-06-21 07:09:41
YFI/UST,36837,36913,11-06-21 07:09:31
YFI/UST,36825,36882,11-06-21 07:09:21
YFI/UST,36813,36862,11-06-21 07:09:11
YFI/UST,36802,36855,11-06-21 07:09:01
YFI/UST,36793,36850,11-06-21 07:08:51
YFI/UST,36805,36858,11-06-21 07:08:41
YFI/UST,36808,36854,11-06-21 07:08:31
YFI/UST,36825,36865,11-06-21 07:08:21
YFI/UST,36845,36879,11-06-21 07:08:11
YFI/UST,36853,36886,11-06-21 07:08:01
YFI/UST,36853,36885,11-06-21 07:07:51
YFI/UST,36863,36895,11-06-21 07:07:41
YFI/UST,36863,36895,11-06-21 07:07:31
YFI/UST,36864,36901,11-06-21 07:07:21
YFI/UST,36856,36886,11-06-21 07:07:11
YFI/UST,36848,36886,11-06-21 07:07:01
YFI/UST,36849,36891,11-06-21 07:06:51
YFI/UST,36853,36884,11-06-21 07:06:41
YFI/UST,36859,36896,11-06-21 07:06:31
YFI/UST,36866,36910,11-06-21 07:06:21
YFI/UST,36873,36916,11-06-21 07:06:11
YFI/UST,36869,36919,11-06-21 07:06:01
YFI/UST,36836,36893,11-06-21 07:05:51
YFI/UST,36862,36905,11-06-21 07:05:41
YFI/UST,36863,36894,11-06-21 07:05:31
YFI/UST,36872,36920,11-06-21 07:05:21
YFI/UST,36899,36955,11-06-21 07:05:11
YFI/UST,36878,36935,11-06-21 07:05:01
YFI/UST,36875,36935,11-06-21 07:04:51
YFI/UST,36896,36951,11-06-21 07:04:41
YFI/UST,36915,36987,11-06-21 07:04:31
YFI/UST,36922,36987,11-06-21 07:04:21
YFI/UST,36940,37005,11-06-21 07:04:11
YFI/UST,36977,37028,11-06-21 07:04:01
YFI/UST,36989,37042,11-06-21 07:03:51
YFI/UST,36993,37049,11-06-21 07:03:41
YFI/UST,37011,37065,11-06-21 07:03:31
YFI/UST,37008,37064,11-06-21 07:03:21
YFI/UST,37000,37056,11-06-21 07:03:11
YFI/UST,36982,37038,11-06-21 07:03:01
YFI/UST,36991,37044,11-06-21 07:02:51
YFI/UST,37010,37063,11-06-21 07:02:41
YFI/UST,37006,37076,11-06-21 07:02:31
YFI/UST,36992,37067,11-06-21 07:02:21
YFI/UST,36991,37062,11-06-21 07:02:11
YFI/UST,36990,37052,11-06-21 07:02:01
YFI/UST,36977,37020,11-06-21 07:01:51
YFI/UST,36964,37011,11-06-21 07:01:41
YFI/UST,36969,37013,11-06-21 07:01:31
YFI/UST,36968,37016,11-06-21 07:01:21
YFI/UST,36968,37007,11-06-21 07:01:11
YFI/UST,36980,37022,11-06-21 07:01:01
YFI/UST,36968,37034,11-06-21 07:00:51
YFI/UST,36961,37040,11-06-21 07:00:41
YFI/UST,36964,37045,11-06-21 07:00:31
YFI/UST,36958,37041,11-06-21 07:00:21
YFI/UST,36927,36982,11-06-21 07:00:11
YFI/UST,36900,36958,11-06-21 07:00:01
YFI/UST,36911,36968,11-06-21 06:59:51
YFI/UST,36916,36967,11-06-21 06:59:41
YFI/UST,36901,36952,11-06-21 06:59:31
YFI/UST,36888,36945,11-06-21 06:59:21
YFI/UST,36883,36945,11-06-21 06:59:11
YFI/UST,36881,36943,11-06-21 06:59:01
YFI/UST,36888,36923,11-06-21 06:58:51
YFI/UST,36914,36960,11-06-21 06:58:41
YFI/UST,36914,36971,11-06-21 06:58:31
YFI/UST,36915,36975,11-06-21 06:58:21
YFI/UST,36912,36969,11-06-21 06:58:11
YFI/UST,36960,36991,11-06-21 06:58:01
YFI/UST,36954,36999,11-06-21 06:57:51
YFI/UST,36952,37007,11-06-21 06:57:41
YFI/UST,36956,37015,11-06-21 06:57:31
YFI/UST,36956,37016,11-06-21 06:57:21
YFI/UST,36995,37030,11-06-21 06:57:11
YFI/UST,37004,37037,11-06-21 06:57:01
YFI/UST,37006,37036,11-06-21 06:56:51
YFI/UST,37012,37040,11-06-21 06:56:41
YFI/UST,37017,37046,11-06-21 06:56:31
YFI/UST,37018,37044,11-06-21 06:56:21
YFI/UST,37012,37039,11-06-21 06:56:11
YFI/UST,37012,37039,11-06-21 06:56:01
YFI/UST,37011,37047,11-06-21 06:55:51
YFI/UST,37005,37045,11-06-21 06:55:41
YFI/UST,36998,37045,11-06-21 06:55:31
YFI/UST,37002,37053,11-06-21 06:55:21
YFI/UST,37008,37058,11-06-21 06:55:11
YFI/UST,37021,37066,11-06-21 06:55:01
YFI/UST,37034,37081,11-06-21 06:54:51
YFI/UST,37046,37094,11-06-21 06:54:41
YFI/UST,37046,37092,11-06-21 06:54:31
YFI/UST,37046,37084,11-06-21 06:54:21
YFI/UST,37025,37053,11-06-21 06:54:11
YFI/UST,37025,37052,11-06-21 06:54:01
YFI/UST,37036,37063,11-06-21 06:53:51
YFI/UST,37031,37059,11-06-21 06:53:41
YFI/UST,37025,37053,11-06-21 06:53:31
YFI/UST,37029,37056,11-06-21 06:53:21
YFI/UST,37027,37054,11-06-21 06:53:11
YFI/UST,37030,37064,11-06-21 06:53:01
YFI/UST,37022,37068,11-06-21 06:52:51
YFI/UST,37020,37066,11-06-21 06:52:41
YFI/UST,37024,37062,11-06-21 06:52:31
YFI/UST,37040,37074,11-06-21 06:52:21
YFI/UST,37059,37089,11-06-21 06:52:11
YFI/UST,37045,37074,11-06-21 06:52:01
YFI/UST,37047,37076,11-06-21 06:51:51
YFI/UST,37047,37077,11-06-21 06:51:41
YFI/UST,37052,37082,11-06-21 06:51:31
YFI/UST,37049,37077,11-06-21 06:51:21
YFI/UST,37040,37077,11-06-21 06:51:11
YFI/UST,37038,37079,11-06-21 06:51:01
YFI/UST,37035,37076,11-06-21 06:50:51
YFI/UST,37029,37067,11-06-21 06:50:41
YFI/UST,37021,37062,11-06-21 06:50:31
YFI/UST,37018,37066,11-06-21 06:50:21
YFI/UST,37012,37061,11-06-21 06:50:11
YFI/UST,37030,37070,11-06-21 06:50:01
YFI/UST,37037,37079,11-06-21 06:49:51
YFI/UST,37047,37090,11-06-21 06:49:41
YFI/UST,37048,37090,11-06-21 06:49:31
YFI/UST,37044,37087,11-06-21 06:49:21
YFI/UST,37028,37070,11-06-21 06:49:11
YFI/UST,37038,37072,11-06-21 06:49:01
YFI/UST,37050,37086,11-06-21 06:48:51
YFI/UST,37047,37089,11-06-21 06:48:41
YFI/UST,37040,37087,11-06-21 06:48:31
YFI/UST,37049,37094,11-06-21 06:48:21
YFI/UST,37056,37108,11-06-21 06:48:11
YFI/UST,37067,37114,11-06-21 06:48:01
YFI/UST,37078,37118,11-06-21 06:47:51
YFI/UST,37081,37120,11-06-21 06:47:41
YFI/UST,37097,37151,11-06-21 06:47:31
YFI/UST,37083,37138,11-06-21 06:47:21
YFI/UST,37090,37142,11-06-21 06:47:11
YFI/UST,37111,37148,11-06-21 06:47:01
YFI/UST,37129,37163,11-06-21 06:46:51
YFI/UST,37118,37172,11-06-21 06:46:41
YFI/UST,37128,37179,11-06-21 06:46:31
YFI/UST,37116,37169,11-06-21 06:46:21
YFI/UST,37123,37169,11-06-21 06:46:11
YFI/UST,37166,37214,11-06-21 06:46:01
YFI/UST,37166,37218,11-06-21 06:45:51
YFI/UST,37165,37223,11-06-21 06:45:41
YFI/UST,37144,37208,11-06-21 06:45:31
YFI/UST,37110,37172,11-06-21 06:45:21
YFI/UST,37095,37143,11-06-21 06:45:11
YFI/UST,37066,37100,11-06-21 06:45:01
YFI/UST,37062,37098,11-06-21 06:44:51
YFI/UST,37051,37087,11-06-21 06:44:41
YFI/UST,37035,37104,11-06-21 06:44:31
YFI/UST,37033,37106,11-06-21 06:44:21
YFI/UST,37014,37091,11-06-21 06:44:11
YFI/UST,37035,37105,11-06-21 06:44:01
YFI/UST,37073,37130,11-06-21 06:43:51
YFI/UST,37092,37147,11-06-21 06:43:41
YFI/UST,37101,37168,11-06-21 06:43:31
YFI/UST,37101,37172,11-06-21 06:43:21
YFI/UST,37119,37183,11-06-21 06:43:11
YFI/UST,37132,37183,11-06-21 06:43:01
YFI/UST,37145,37192,11-06-21 06:42:51
YFI/UST,37154,37203,11-06-21 06:42:41
YFI/UST,37150,37203,11-06-21 06:42:31
YFI/UST,37139,37198,11-06-21 06:42:21
YFI/UST,37133,37191,11-06-21 06:42:11
YFI/UST,37133,37192,11-06-21 06:42:01
YFI/UST,37134,37178,11-06-21 06:41:51
YFI/UST,37116,37160,11-06-21 06:41:41
YFI/UST,37119,37163,11-06-21 06:41:31
YFI/UST,37115,37159,11-06-21 06:41:21
YFI/UST,37115,37159,11-06-21 06:41:11
YFI/UST,37119,37159,11-06-21 06:41:01
YFI/UST,37116,37158,11-06-21 06:40:51
YFI/UST,37115,37168,11-06-21 06:40:41
YFI/UST,37117,37174,11-06-21 06:40:31
YFI/UST,37122,37184,11-06-21 06:40:21
YFI/UST,37121,37186,11-06-21 06:40:11
YFI/UST,37100,37170,11-06-21 06:40:01
YFI/UST,37143,37209,11-06-21 06:39:51
YFI/UST,37147,37209,11-06-21 06:39:41
YFI/UST,37169,37213,11-06-21 06:39:31
YFI/UST,37198,37229,11-06-21 06:39:21
YFI/UST,37198,37225,11-06-21 06:39:11
YFI/UST,37204,37231,11-06-21 06:39:01
YFI/UST,37203,37238,11-06-21 06:38:51
YFI/UST,37198,37241,11-06-21 06:38:41
YFI/UST,37198,37242,11-06-21 06:38:31
YFI/UST,37193,37237,11-06-21 06:38:21
YFI/UST,37191,37239,11-06-21 06:38:11
YFI/UST,37167,37221,11-06-21 06:38:01
YFI/UST,37181,37226,11-06-21 06:37:51
YFI/UST,37200,37236,11-06-21 06:37:41
YFI/UST,37209,37243,11-06-21 06:37:31
YFI/UST,37214,37258,11-06-21 06:37:21
YFI/UST,37210,37260,11-06-21 06:37:11
YFI/UST,37216,37261,11-06-21 06:37:01
YFI/UST,37223,37257,11-06-21 06:36:51
YFI/UST,37247,37279,11-06-21 06:36:41
YFI/UST,37243,37285,11-06-21 06:36:31
YFI/UST,37234,37283,11-06-21 06:36:21
YFI/UST,37233,37278,11-06-21 06:36:11
YFI/UST,37246,37280,11-06-21 06:36:01
YFI/UST,37262,37293,11-06-21 06:35:51
YFI/UST,37266,37300,11-06-21 06:35:41
YFI/UST,37264,37298,11-06-21 06:35:31
YFI/UST,37265,37296,11-06-21 06:35:21
YFI/UST,37258,37288,11-06-21 06:35:11
YFI/UST,37246,37297,11-06-21 06:35:01
YFI/UST,37239,37300,11-06-21 06:34:51
YFI/UST,37239,37303,11-06-21 06:34:41
YFI/UST,37247,37308,11-06-21 06:34:31
YFI/UST,37257,37313,11-06-21 06:34:21
YFI/UST,37265,37316,11-06-21 06:34:11
YFI/UST,37279,37332,11-06-21 06:34:01
YFI/UST,37283,37339,11-06-21 06:33:51
YFI/UST,37282,37333,11-06-21 06:33:41
YFI/UST,37271,37312,11-06-21 06:33:31
YFI/UST,37265,37310,11-06-21 06:33:21
YFI/UST,37261,37312,11-06-21 06:33:11
YFI/UST,37260,37313,11-06-21 06:33:01
YFI/UST,37257,37308,11-06-21 06:32:51
YFI/UST,37260,37307,11-06-21 06:32:41
YFI/UST,37253,37295,11-06-21 06:32:31
YFI/UST,37251,37294,11-06-21 06:32:21
YFI/UST,37249,37292,11-06-21 06:32:11
YFI/UST,37246,37289,11-06-21 06:32:01
YFI/UST,37247,37292,11-06-21 06:31:51
YFI/UST,37244,37285,11-06-21 06:31:41
YFI/UST,37245,37285,11-06-21 06:31:31
YFI/UST,37239,37285,11-06-21 06:31:21
YFI/UST,37237,37285,11-06-21 06:31:11
YFI/UST,37229,37297,11-06-21 06:31:01
YFI/UST,37229,37297,11-06-21 06:30:51
YFI/UST,37221,37285,11-06-21 06:30:41
YFI/UST,37214,37275,11-06-21 06:30:31
YFI/UST,37186,37239,11-06-21 06:30:21
YFI/UST,37188,37241,11-06-21 06:30:11
YFI/UST,37212,37255,11-06-21 06:30:01
YFI/UST,37222,37262,11-06-21 06:29:51
YFI/UST,37232,37275,11-06-21 06:29:41
YFI/UST,37233,37276,11-06-21 06:29:31
YFI/UST,37246,37281,11-06-21 06:29:21
YFI/UST,37252,37282,11-06-21 06:29:11
YFI/UST,37265,37296,11-06-21 06:29:01
YFI/UST,37260,37297,11-06-21 06:28:51
YFI/UST,37250,37290,11-06-21 06:28:41
YFI/UST,37252,37291,11-06-21 06:28:31
YFI/UST,37250,37289,11-06-21 06:28:21
YFI/UST,37246,37288,11-06-21 06:28:11
YFI/UST,37232,37277,11-06-21 06:28:01
YFI/UST,37242,37280,11-06-21 06:27:51
YFI/UST,37245,37283,11-06-21 06:27:41
YFI/UST,37259,37294,11-06-21 06:27:31
YFI/UST,37274,37310,11-06-21 06:27:21
YFI/UST,37268,37295,11-06-21 06:27:11
YFI/UST,37259,37296,11-06-21 06:27:01
YFI/UST,37256,37298,11-06-21 06:26:51
YFI/UST,37254,37296,11-06-21 06:26:41
YFI/UST,37258,37296,11-06-21 06:26:31
YFI/UST,37279,37312,11-06-21 06:26:21
YFI/UST,37276,37314,11-06-21 06:26:11
YFI/UST,37273,37317,11-06-21 06:26:01
YFI/UST,37273,37319,11-06-21 06:25:51
YFI/UST,37257,37309,11-06-21 06:25:41
YFI/UST,37257,37304,11-06-21 06:25:31
YFI/UST,37245,37291,11-06-21 06:25:21
YFI/UST,37228,37282,11-06-21 06:25:11
YFI/UST,37217,37290,11-06-21 06:25:01
YFI/UST,37211,37280,11-06-21 06:24:51
YFI/UST,37240,37299,11-06-21 06:24:41
YFI/UST,37249,37303,11-06-21 06:24:31
YFI/UST,37273,37327,11-06-21 06:24:21
YFI/UST,37255,37319,11-06-21 06:24:11
YFI/UST,37243,37322,11-06-21 06:24:01
YFI/UST,37237,37322,11-06-21 06:23:51
YFI/UST,37241,37320,11-06-21 06:23:41
YFI/UST,37225,37295,11-06-21 06:23:31
YFI/UST,37185,37256,11-06-21 06:23:21
YFI/UST,37187,37256,11-06-21 06:23:11
YFI/UST,37216,37293,11-06-21 06:23:01
YFI/UST,37244,37317,11-06-21 06:22:51
YFI/UST,37259,37338,11-06-21 06:22:41
YFI/UST,37261,37340,11-06-21 06:22:31
YFI/UST,37273,37349,11-06-21 06:22:21
YFI/UST,37249,37317,11-06-21 06:22:11
YFI/UST,37243,37310,11-06-21 06:22:01
YFI/UST,37248,37317,11-06-21 06:21:51
YFI/UST,37269,37336,11-06-21 06:21:41
YFI/UST,37272,37336,11-06-21 06:21:31
YFI/UST,37281,37348,11-06-21 06:21:21
YFI/UST,37285,37349,11-06-21 06:21:11
YFI/UST,37287,37349,11-06-21 06:21:01
YFI/UST,37283,37358,11-06-21 06:20:51
YFI/UST,37273,37355,11-06-21 06:20:41
YFI/UST,37270,37355,11-06-21 06:20:31
YFI/UST,37261,37337,11-06-21 06:20:21
YFI/UST,37300,37356,11-06-21 06:20:11
YFI/UST,37357,37394,11-06-21 06:20:01
YFI/UST,37363,37413,11-06-21 06:19:51
YFI/UST,37355,37411,11-06-21 06:19:41
YFI/UST,37355,37401,11-06-21 06:19:31
YFI/UST,37390,37419,11-06-21 06:19:21
YFI/UST,37399,37435,11-06-21 06:19:11
YFI/UST,37397,37437,11-06-21 06:19:01
YFI/UST,37399,37442,11-06-21 06:18:51
YFI/UST,37395,37431,11-06-21 06:18:41
YFI/UST,37384,37414,11-06-21 06:18:31
YFI/UST,37376,37411,11-06-21 06:18:21
YFI/UST,37374,37410,11-06-21 06:18:11
YFI/UST,37367,37418,11-06-21 06:18:01
YFI/UST,37370,37437,11-06-21 06:17:51
YFI/UST,37343,37414,11-06-21 06:17:41
YFI/UST,37355,37423,11-06-21 06:17:31
YFI/UST,37343,37394,11-06-21 06:17:21
YFI/UST,37313,37372,11-06-21 06:17:11
YFI/UST,37308,37351,11-06-21 06:17:01
YFI/UST,37325,37372,11-06-21 06:16:51
YFI/UST,37334,37405,11-06-21 06:16:41
YFI/UST,37340,37406,11-06-21 06:16:31
YFI/UST,37366,37445,11-06-21 06:16:21
YFI/UST,37400,37445,11-06-21 06:16:11
YFI/UST,37433,37484,11-06-21 06:16:01
YFI/UST,37469,37501,11-06-21 06:15:51
YFI/UST,37481,37512,11-06-21 06:15:41
YFI/UST,37472,37514,11-06-21 06:15:31
YFI/UST,37468,37511,11-06-21 06:15:21
YFI/UST,37471,37510,11-06-21 06:15:11
YFI/UST,37470,37513,11-06-21 06:15:01
YFI/UST,37471,37516,11-06-21 06:14:51
YFI/UST,37473,37515,11-06-21 06:14:41
YFI/UST,37471,37517,11-06-21 06:14:31
YFI/UST,37468,37507,11-06-21 06:14:21
YFI/UST,37467,37505,11-06-21 06:14:11
YFI/UST,37466,37506,11-06-21 06:14:01
YFI/UST,37466,37508,11-06-21 06:13:51
YFI/UST,37463,37505,11-06-21 06:13:41
YFI/UST,37465,37506,11-06-21 06:13:31
YFI/UST,37467,37511,11-06-21 06:13:21
YFI/UST,37466,37508,11-06-21 06:13:11
YFI/UST,37464,37504,11-06-21 06:13:01
YFI/UST,37459,37509,11-06-21 06:12:51
YFI/UST,37455,37505,11-06-21 06:12:41
YFI/UST,37453,37506,11-06-21 06:12:31
YFI/UST,37451,37508,11-06-21 06:12:21
YFI/UST,37459,37508,11-06-21 06:12:11
YFI/UST,37481,37530,11-06-21 06:12:01
YFI/UST,37482,37531,11-06-21 06:11:51
YFI/UST,37482,37529,11-06-21 06:11:41
YFI/UST,37482,37529,11-06-21 06:11:31
YFI/UST,37467,37524,11-06-21 06:11:21
YFI/UST,37468,37529,11-06-21 06:11:11
YFI/UST,37471,37529,11-06-21 06:11:01
YFI/UST,37466,37530,11-06-21 06:10:51
YFI/UST,37486,37559,11-06-21 06:10:41
YFI/UST,37488,37555,11-06-21 06:10:31
YFI/UST,37478,37534,11-06-21 06:10:21
YFI/UST,37464,37527,11-06-21 06:10:11
YFI/UST,37431,37494,11-06-21 06:10:01
YFI/UST,37455,37515,11-06-21 06:09:51
YFI/UST,37480,37528,11-06-21 06:09:41
YFI/UST,37505,37553,11-06-21 06:09:31
YFI/UST,37512,37567,11-06-21 06:09:21
YFI/UST,37508,37556,11-06-21 06:09:11
YFI/UST,37511,37548,11-06-21 06:09:01
YFI/UST,37494,37522,11-06-21 06:08:51
YFI/UST,37491,37522,11-06-21 06:08:41
YFI/UST,37482,37524,11-06-21 06:08:31
YFI/UST,37472,37519,11-06-21 06:08:21
YFI/UST,37477,37523,11-06-21 06:08:11
YFI/UST,37482,37532,11-06-21 06:08:01
YFI/UST,37456,37513,11-06-21 06:07:51
YFI/UST,37448,37501,11-06-21 06:07:41
YFI/UST,37468,37508,11-06-21 06:07:31
YFI/UST,37486,37539,11-06-21 06:07:21
YFI/UST,37478,37548,11-06-21 06:07:11
YFI/UST,37487,37561,11-06-21 06:07:01
YFI/UST,37467,37530,11-06-21 06:06:51
YFI/UST,37452,37504,11-06-21 06:06:41
YFI/UST,37441,37487,11-06-21 06:06:31
YFI/UST,37431,37474,11-06-21 06:06:21
YFI/UST,37427,37474,11-06-21 06:06:11
YFI/UST,37405,37452,11-06-21 06:06:01
YFI/UST,37423,37462,11-06-21 06:05:51
YFI/UST,37444,37477,11-06-21 06:05:41
YFI/UST,37441,37477,11-06-21 06:05:31
YFI/UST,37446,37487,11-06-21 06:05:21
YFI/UST,37447,37493,11-06-21 06:05:11
YFI/UST,37449,37497,11-06-21 06:05:01
YFI/UST,37460,37505,11-06-21 06:04:51
YFI/UST,37443,37469,11-06-21 06:04:41
YFI/UST,37425,37473,11-06-21 06:04:31
YFI/UST,37432,37472,11-06-21 06:04:21
YFI/UST,37430,37474,11-06-21 06:04:11
YFI/UST,37433,37484,11-06-21 06:04:01
YFI/UST,37423,37492,11-06-21 06:03:51
YFI/UST,37412,37476,11-06-21 06:03:41
YFI/UST,37435,37510,11-06-21 06:03:31
YFI/UST,37418,37488,11-06-21 06:03:21
YFI/UST,37383,37424,11-06-21 06:03:11
YFI/UST,37443,37486,11-06-21 06:03:01
YFI/UST,37430,37494,11-06-21 06:02:51
YFI/UST,37431,37470,11-06-21 06:02:41
YFI/UST,37437,37479,11-06-21 06:02:31
YFI/UST,37460,37527,11-06-21 06:02:21
YFI/UST,37488,37552,11-06-21 06:02:11
YFI/UST,37493,37561,11-06-21 06:02:01
YFI/UST,37483,37551,11-06-21 06:01:51
YFI/UST,37525,37619,11-06-21 06:01:41
YFI/UST,37562,37617,11-06-21 06:01:31
YFI/UST,37594,37644,11-06-21 06:01:21
YFI/UST,37627,37668,11-06-21 06:01:11
YFI/UST,37634,37677,11-06-21 06:01:01
YFI/UST,37641,37693,11-06-21 06:00:51
YFI/UST,37638,37683,11-06-21 06:00:41
YFI/UST,37634,37683,11-06-21 06:00:31
YFI/UST,37632,37685,11-06-21 06:00:21
YFI/UST,37630,37662,11-06-21 06:00:11
YFI/UST,37616,37646,11-06-21 06:00:01
YFI/UST,37607,37639,11-06-21 05:59:51
YFI/UST,37602,37647,11-06-21 05:59:41
YFI/UST,37615,37662,11-06-21 05:59:31
YFI/UST,37617,37662,11-06-21 05:59:21
YFI/UST,37650,37688,11-06-21 05:59:11
YFI/UST,37675,37708,11-06-21 05:59:01
YFI/UST,37674,37708,11-06-21 05:58:51
YFI/UST,37675,37708,11-06-21 05:58:41
YFI/UST,37677,37716,11-06-21 05:58:31
YFI/UST,37680,37716,11-06-21 05:58:21
YFI/UST,37669,37700,11-06-21 05:58:11
YFI/UST,37666,37694,11-06-21 05:58:01
YFI/UST,37660,37691,11-06-21 05:57:51
YFI/UST,37674,37702,11-06-21 05:57:41
YFI/UST,37674,37705,11-06-21 05:57:31
YFI/UST,37680,37711,11-06-21 05:57:21
YFI/UST,37684,37715,11-06-21 05:57:11
YFI/UST,37671,37698,11-06-21 05:57:01
YFI/UST,37677,37705,11-06-21 05:56:51
YFI/UST,37678,37706,11-06-21 05:56:41
YFI/UST,37684,37713,11-06-21 05:56:31
YFI/UST,37683,37715,11-06-21 05:56:21
YFI/UST,37685,37717,11-06-21 05:56:10
YFI/UST,37701,37737,11-06-21 05:56:01
YFI/UST,37702,37741,11-06-21 05:55:51
YFI/UST,37702,37743,11-06-21 05:55:41
YFI/UST,37692,37735,11-06-21 05:55:31
YFI/UST,37679,37735,11-06-21 05:55:21
YFI/UST,37679,37734,11-06-21 05:55:11
YFI/UST,37678,37711,11-06-21 05:55:01
YFI/UST,37666,37706,11-06-21 05:54:51
YFI/UST,37662,37706,11-06-21 05:54:41
YFI/UST,37662,37708,11-06-21 05:54:31
YFI/UST,37671,37712,11-06-21 05:54:21
YFI/UST,37667,37717,11-06-21 05:54:11
YFI/UST,37673,37720,11-06-21 05:54:01
YFI/UST,37665,37705,11-06-21 05:53:51
YFI/UST,37663,37690,11-06-21 05:53:41
YFI/UST,37651,37694,11-06-21 05:53:31
YFI/UST,37653,37688,11-06-21 05:53:21
YFI/UST,37653,37695,11-06-21 05:53:11
YFI/UST,37664,37720,11-06-21 05:53:01
YFI/UST,37661,37720,11-06-21 05:52:51
YFI/UST,37668,37721,11-06-21 05:52:41
YFI/UST,37701,37755,11-06-21 05:52:31
YFI/UST,37711,37754,11-06-21 05:52:21
YFI/UST,37730,37771,11-06-21 05:52:11
YFI/UST,37723,37777,11-06-21 05:52:01
YFI/UST,37714,37781,11-06-21 05:51:51
YFI/UST,37714,37779,11-06-21 05:51:41
YFI/UST,37716,37780,11-06-21 05:51:31
YFI/UST,37699,37750,11-06-21 05:51:21
YFI/UST,37690,37748,11-06-21 05:51:11
YFI/UST,37676,37754,11-06-21 05:51:01
YFI/UST,37686,37772,11-06-21 05:50:51
YFI/UST,37683,37772,11-06-21 05:50:41
YFI/UST,37701,37772,11-06-21 05:50:31
YFI/UST,37757,37793,11-06-21 05:50:21
YFI/UST,37771,37807,11-06-21 05:50:11
YFI/UST,37771,37806,11-06-21 05:50:01
YFI/UST,37771,37809,11-06-21 05:49:50
YFI/UST,37777,37817,11-06-21 05:49:41
YFI/UST,37782,37818,11-06-21 05:49:31
YFI/UST,37776,37807,11-06-21 05:49:21
YFI/UST,37769,37804,11-06-21 05:49:11
YFI/UST,37761,37804,11-06-21 05:49:01
YFI/UST,37765,37813,11-06-21 05:48:51
YFI/UST,37766,37813,11-06-21 05:48:41
YFI/UST,37766,37799,11-06-21 05:48:31
YFI/UST,37747,37776,11-06-21 05:48:21
YFI/UST,37732,37776,11-06-21 05:48:11
YFI/UST,37732,37776,11-06-21 05:48:01
YFI/UST,37730,37776,11-06-21 05:47:51
YFI/UST,37744,37792,11-06-21 05:47:41
YFI/UST,37759,37803,11-06-21 05:47:31
YFI/UST,37753,37803,11-06-21 05:47:21
YFI/UST,37758,37803,11-06-21 05:47:11
YFI/UST,37777,37816,11-06-21 05:47:01
YFI/UST,37773,37816,11-06-21 05:46:51
YFI/UST,37781,37813,11-06-21 05:46:41
YFI/UST,37773,37812,11-06-21 05:46:31
YFI/UST,37769,37811,11-06-21 05:46:21
YFI/UST,37765,37810,11-06-21 05:46:11
YFI/UST,37768,37818,11-06-21 05:46:01
YFI/UST,37763,37818,11-06-21 05:45:51
YFI/UST,37756,37806,11-06-21 05:45:41
YFI/UST,37752,37802,11-06-21 05:45:31
YFI/UST,37747,37792,11-06-21 05:45:21
YFI/UST,37743,37794,11-06-21 05:45:11
YFI/UST,37741,37789,11-06-21 05:45:01
YFI/UST,37742,37788,11-06-21 05:44:51
YFI/UST,37744,37788,11-06-21 05:44:41
YFI/UST,37754,37804,11-06-21 05:44:31
YFI/UST,37754,37798,11-06-21 05:44:21
YFI/UST,37745,37800,11-06-21 05:44:11
YFI/UST,37747,37804,11-06-21 05:44:01
YFI/UST,37739,37792,11-06-21 05:43:51
YFI/UST,37738,37785,11-06-21 05:43:41
YFI/UST,37730,37776,11-06-21 05:43:31
YFI/UST,37728,37774,11-06-21 05:43:21
YFI/UST,37730,37761,11-06-21 05:43:11
YFI/UST,37729,37761,11-06-21 05:43:01
YFI/UST,37727,37761,11-06-21 05:42:51
YFI/UST,37728,37763,11-06-21 05:42:41
YFI/UST,37720,37754,11-06-21 05:42:31
YFI/UST,37718,37744,11-06-21 05:42:21
YFI/UST,37715,37741,11-06-21 05:42:11
YFI/UST,37711,37741,11-06-21 05:42:01
YFI/UST,37712,37743,11-06-21 05:41:51
YFI/UST,37712,37749,11-06-21 05:41:41
YFI/UST,37713,37750,11-06-21 05:41:31
YFI/UST,37705,37741,11-06-21 05:41:21
YFI/UST,37715,37746,11-06-21 05:41:11
YFI/UST,37721,37754,11-06-21 05:41:01
YFI/UST,37721,37754,11-06-21 05:40:51
YFI/UST,37715,37752,11-06-21 05:40:41
YFI/UST,37711,37751,11-06-21 05:40:31
YFI/UST,37707,37749,11-06-21 05:40:21
YFI/UST,37705,37741,11-06-21 05:40:11
YFI/UST,37701,37731,11-06-21 05:40:01
YFI/UST,37693,37724,11-06-21 05:39:51
YFI/UST,37688,37719,11-06-21 05:39:41
YFI/UST,37685,37728,11-06-21 05:39:31
YFI/UST,37674,37738,11-06-21 05:39:21
YFI/UST,37678,37743,11-06-21 05:39:11
YFI/UST,37682,37742,11-06-21 05:39:01
YFI/UST,37658,37710,11-06-21 05:38:51
YFI/UST,37656,37704,11-06-21 05:38:41
YFI/UST,37654,37709,11-06-21 05:38:31
YFI/UST,37656,37706,11-06-21 05:38:21
YFI/UST,37645,37701,11-06-21 05:38:11
YFI/UST,37641,37699,11-06-21 05:38:01
YFI/UST,37646,37699,11-06-21 05:37:51
YFI/UST,37648,37690,11-06-21 05:37:41
YFI/UST,37633,37678,11-06-21 05:37:31
YFI/UST,37632,37678,11-06-21 05:37:21
YFI/UST,37633,37681,11-06-21 05:37:11
YFI/UST,37635,37685,11-06-21 05:37:01
YFI/UST,37622,37674,11-06-21 05:36:51
YFI/UST,37619,37677,11-06-21 05:36:41
YFI/UST,37622,37677,11-06-21 05:36:31
YFI/UST,37608,37670,11-06-21 05:36:21
YFI/UST,37604,37660,11-06-21 05:36:11
YFI/UST,37606,37661,11-06-21 05:36:01
YFI/UST,37578,37642,11-06-21 05:35:51
YFI/UST,37579,37642,11-06-21 05:35:41
YFI/UST,37579,37642,11-06-21 05:35:31
YFI/UST,37596,37653,11-06-21 05:35:21
YFI/UST,37621,37692,11-06-21 05:35:11
YFI/UST,37587,37667,11-06-21 05:35:01
YFI/UST,37583,37649,11-06-21 05:34:51
YFI/UST,37589,37649,11-06-21 05:34:41
YFI/UST,37632,37687,11-06-21 05:34:31
YFI/UST,37652,37689,11-06-21 05:34:21
YFI/UST,37662,37699,11-06-21 05:34:11
YFI/UST,37671,37710,11-06-21 05:34:01
YFI/UST,37669,37711,11-06-21 05:33:51
YFI/UST,37661,37693,11-06-21 05:33:41
YFI/UST,37641,37682,11-06-21 05:33:31
YFI/UST,37646,37684,11-06-21 05:33:21
YFI/UST,37678,37712,11-06-21 05:33:11
YFI/UST,37709,37747,11-06-21 05:33:01
YFI/UST,37706,37736,11-06-21 05:32:51
YFI/UST,37689,37725,11-06-21 05:32:41
YFI/UST,37720,37759,11-06-21 05:32:31
YFI/UST,37726,37762,11-06-21 05:32:21
YFI/UST,37733,37771,11-06-21 05:32:11
YFI/UST,37734,37770,11-06-21 05:32:01
YFI/UST,37745,37782,11-06-21 05:31:51
YFI/UST,37745,37780,11-06-21 05:31:41
YFI/UST,37743,37784,11-06-21 05:31:31
YFI/UST,37750,37803,11-06-21 05:31:21
YFI/UST,37743,37804,11-06-21 05:31:11
YFI/UST,37751,37810,11-06-21 05:31:01
YFI/UST,37739,37783,11-06-21 05:30:51
YFI/UST,37719,37760,11-06-21 05:30:41
YFI/UST,37715,37759,11-06-21 05:30:31
YFI/UST,37715,37747,11-06-21 05:30:21
YFI/UST,37702,37731,11-06-21 05:30:11
YFI/UST,37702,37731,11-06-21 05:30:01
YFI/UST,37702,37732,11-06-21 05:29:51
YFI/UST,37701,37734,11-06-21 05:29:41
YFI/UST,37690,37731,11-06-21 05:29:31
YFI/UST,37695,37735,11-06-21 05:29:21
YFI/UST,37695,37735,11-06-21 05:29:11
YFI/UST,37707,37748,11-06-21 05:29:01
YFI/UST,37713,37752,11-06-21 05:28:51
YFI/UST,37718,37757,11-06-21 05:28:41
YFI/UST,37726,37762,11-06-21 05:28:31
YFI/UST,37730,37771,11-06-21 05:28:21
YFI/UST,37730,37772,11-06-21 05:28:11
YFI/UST,37718,37750,11-06-21 05:28:01
YFI/UST,37721,37753,11-06-21 05:27:51
YFI/UST,37708,37739,11-06-21 05:27:41
YFI/UST,37709,37738,11-06-21 05:27:31
YFI/UST,37705,37739,11-06-21 05:27:21
YFI/UST,37700,37738,11-06-21 05:27:11
YFI/UST,37728,37757,11-06-21 05:27:01
YFI/UST,37723,37761,11-06-21 05:26:51
YFI/UST,37721,37765,11-06-21 05:26:41
YFI/UST,37727,37757,11-06-21 05:26:31
YFI/UST,37723,37761,11-06-21 05:26:21
YFI/UST,37704,37750,11-06-21 05:26:11
YFI/UST,37700,37756,11-06-21 05:26:01
YFI/UST,37704,37756,11-06-21 05:25:51
YFI/UST,37722,37767,11-06-21 05:25:41
YFI/UST,37732,37773,11-06-21 05:25:31
YFI/UST,37750,37790,11-06-21 05:25:21
YFI/UST,37750,37789,11-06-21 05:25:11
YFI/UST,37760,37789,11-06-21 05:25:01
YFI/UST,37771,37798,11-06-21 05:24:51
YFI/UST,37772,37801,11-06-21 05:24:41
YFI/UST,37773,37803,11-06-21 05:24:31
YFI/UST,37765,37809,11-06-21 05:24:21
YFI/UST,37757,37809,11-06-21 05:24:11
YFI/UST,37756,37805,11-06-21 05:24:01
YFI/UST,37751,37799,11-06-21 05:23:51
YFI/UST,37752,37799,11-06-21 05:23:41
YFI/UST,37770,37812,11-06-21 05:23:31
YFI/UST,37770,37812,11-06-21 05:23:21
YFI/UST,37751,37786,11-06-21 05:23:11
YFI/UST,37750,37794,11-06-21 05:23:01
YFI/UST,37752,37794,11-06-21 05:22:51
YFI/UST,37766,37804,11-06-21 05:22:41
YFI/UST,37782,37820,11-06-21 05:22:31
YFI/UST,37785,37827,11-06-21 05:22:21
YFI/UST,37789,37827,11-06-21 05:22:11
YFI/UST,37793,37825,11-06-21 05:22:01
YFI/UST,37798,37825,11-06-21 05:21:51
YFI/UST,37798,37834,11-06-21 05:21:41
YFI/UST,37795,37834,11-06-21 05:21:31
YFI/UST,37798,37843,11-06-21 05:21:21
YFI/UST,37800,37843,11-06-21 05:21:11
YFI/UST,37803,37849,11-06-21 05:21:01
YFI/UST,37805,37859,11-06-21 05:20:51
YFI/UST,37800,37841,11-06-21 05:20:41
YFI/UST,37800,37846,11-06-21 05:20:31
YFI/UST,37823,37865,11-06-21 05:20:21
YFI/UST,37821,37865,11-06-21 05:20:11
YFI/UST,37829,37865,11-06-21 05:20:01
YFI/UST,37828,37865,11-06-21 05:19:51
YFI/UST,37830,37864,11-06-21 05:19:41
YFI/UST,37832,37874,11-06-21 05:19:31
YFI/UST,37837,37860,11-06-21 05:19:21
YFI/UST,37836,37860,11-06-21 05:19:11
YFI/UST,37839,37870,11-06-21 05:19:01
YFI/UST,37837,37869,11-06-21 05:18:51
YFI/UST,37839,37872,11-06-21 05:18:41
YFI/UST,37843,37877,11-06-21 05:18:31
YFI/UST,37850,37883,11-06-21 05:18:21
YFI/UST,37848,37887,11-06-21 05:18:11
YFI/UST,37853,37897,11-06-21 05:18:01
YFI/UST,37846,37895,11-06-21 05:17:51
YFI/UST,37852,37897,11-06-21 05:17:41
YFI/UST,37870,37918,11-06-21 05:17:31
YFI/UST,37878,37922,11-06-21 05:17:21
YFI/UST,37882,37938,11-06-21 05:17:11
YFI/UST,37891,37958,11-06-21 05:17:01
YFI/UST,37873,37938,11-06-21 05:16:51
YFI/UST,37872,37932,11-06-21 05:16:41
YFI/UST,37853,37900,11-06-21 05:16:31
YFI/UST,37851,37887,11-06-21 05:16:21
YFI/UST,37834,37865,11-06-21 05:16:11
YFI/UST,37829,37868,11-06-21 05:16:01
YFI/UST,37824,37868,11-06-21 05:15:51
YFI/UST,37827,37868,11-06-21 05:15:41
YFI/UST,37842,37879,11-06-21 05:15:31
YFI/UST,37854,37894,11-06-21 05:15:21
YFI/UST,37855,37893,11-06-21 05:15:11
YFI/UST,37845,37874,11-06-21 05:15:01
YFI/UST,37846,37876,11-06-21 05:14:51
YFI/UST,37841,37871,11-06-21 05:14:41
YFI/UST,37835,37878,11-06-21 05:14:31
YFI/UST,37836,37871,11-06-21 05:14:21
YFI/UST,37830,37870,11-06-21 05:14:11
YFI/UST,37830,37872,11-06-21 05:14:01
YFI/UST,37831,37869,11-06-21 05:13:51
YFI/UST,37833,37871,11-06-21 05:13:41
YFI/UST,37827,37868,11-06-21 05:13:31
YFI/UST,37823,37868,11-06-21 05:13:21
YFI/UST,37829,37876,11-06-21 05:13:11
YFI/UST,37836,37866,11-06-21 05:13:01
YFI/UST,37825,37864,11-06-21 05:12:51
YFI/UST,37825,37864,11-06-21 05:12:41
YFI/UST,37828,37864,11-06-21 05:12:31
YFI/UST,37829,37867,11-06-21 05:12:21
YFI/UST,37828,37863,11-06-21 05:12:11
YFI/UST,37829,37868,11-06-21 05:12:01
YFI/UST,37828,37870,11-06-21 05:11:51
YFI/UST,37827,37870,11-06-21 05:11:41
YFI/UST,37821,37870,11-06-21 05:11:31
YFI/UST,37825,37870,11-06-21 05:11:21
YFI/UST,37818,37868,11-06-21 05:11:11
YFI/UST,37826,37870,11-06-21 05:11:01
YFI/UST,37840,37883,11-06-21 05:10:51
YFI/UST,37839,37883,11-06-21 05:10:41
YFI/UST,37843,37887,11-06-21 05:10:31
YFI/UST,37844,37890,11-06-21 05:10:21
YFI/UST,37844,37892,11-06-21 05:10:11
YFI/UST,37848,37894,11-06-21 05:10:01
YFI/UST,37843,37894,11-06-21 05:09:51
YFI/UST,37838,37884,11-06-21 05:09:41
YFI/UST,37860,37898,11-06-21 05:09:31
YFI/UST,37848,37906,11-06-21 05:09:21
YFI/UST,37850,37908,11-06-21 05:09:11
YFI/UST,37852,37907,11-06-21 05:09:01
YFI/UST,37842,37885,11-06-21 05:08:51
YFI/UST,37818,37861,11-06-21 05:08:41
YFI/UST,37799,37861,11-06-21 05:08:31
YFI/UST,37805,37861,11-06-21 05:08:21
YFI/UST,37814,37869,11-06-21 05:08:11
YFI/UST,37854,37892,11-06-21 05:08:01
YFI/UST,37872,37907,11-06-21 05:07:51
YFI/UST,37878,37910,11-06-21 05:07:41
YFI/UST,37869,37898,11-06-21 05:07:31
YFI/UST,37857,37893,11-06-21 05:07:21
YFI/UST,37853,37894,11-06-21 05:07:11
YFI/UST,37856,37899,11-06-21 05:07:01
YFI/UST,37853,37893,11-06-21 05:06:51
YFI/UST,37848,37884,11-06-21 05:06:41
YFI/UST,37839,37874,11-06-21 05:06:31
YFI/UST,37837,37874,11-06-21 05:06:21
YFI/UST,37823,37875,11-06-21 05:06:11
YFI/UST,37830,37896,11-06-21 05:06:01
YFI/UST,37808,37882,11-06-21 05:05:51
YFI/UST,37804,37886,11-06-21 05:05:41
YFI/UST,37803,37858,11-06-21 05:05:31
YFI/UST,37775,37816,11-06-21 05:05:21
YFI/UST,37775,37815,11-06-21 05:05:11
YFI/UST,37771,37814,11-06-21 05:05:01
YFI/UST,37781,37823,11-06-21 05:04:51
YFI/UST,37779,37823,11-06-21 05:04:41
YFI/UST,37780,37826,11-06-21 05:04:31
YFI/UST,37781,37823,11-06-21 05:04:21
YFI/UST,37777,37821,11-06-21 05:04:11
YFI/UST,37781,37827,11-06-21 05:04:01
YFI/UST,37785,37823,11-06-21 05:03:51
YFI/UST,37777,37824,11-06-21 05:03:41
YFI/UST,37782,37825,11-06-21 05:03:31
YFI/UST,37773,37815,11-06-21 05:03:21
YFI/UST,37780,37822,11-06-21 05:03:11
YFI/UST,37780,37827,11-06-21 05:03:01
YFI/UST,37790,37835,11-06-21 05:02:51
YFI/UST,37789,37835,11-06-21 05:02:41
YFI/UST,37784,37837,11-06-21 05:02:31
YFI/UST,37766,37822,11-06-21 05:02:21
YFI/UST,37769,37833,11-06-21 05:02:11
YFI/UST,37769,37849,11-06-21 05:02:01
YFI/UST,37773,37839,11-06-21 05:01:51
YFI/UST,37750,37806,11-06-21 05:01:41
YFI/UST,37745,37794,11-06-21 05:01:31
YFI/UST,37725,37778,11-06-21 05:01:21
YFI/UST,37721,37778,11-06-21 05:01:11
YFI/UST,37755,37794,11-06-21 05:01:01
YFI/UST,37779,37803,11-06-21 05:00:51
YFI/UST,37776,37803,11-06-21 05:00:41
YFI/UST,37775,37802,11-06-21 05:00:31
YFI/UST,37777,37806,11-06-21 05:00:21
YFI/UST,37773,37806,11-06-21 05:00:10
YFI/UST,37759,37802,11-06-21 05:00:01
YFI/UST,37765,37812,11-06-21 04:59:51
YFI/UST,37766,37812,11-06-21 04:59:41
YFI/UST,37759,37800,11-06-21 04:59:31
YFI/UST,37737,37772,11-06-21 04:59:21
YFI/UST,37734,37772,11-06-21 04:59:11
YFI/UST,37731,37772,11-06-21 04:59:01
YFI/UST,37723,37772,11-06-21 04:58:51
YFI/UST,37705,37772,11-06-21 04:58:41
YFI/UST,37706,37768,11-06-21 04:58:31
YFI/UST,37725,37772,11-06-21 04:58:21
YFI/UST,37753,37782,11-06-21 04:58:11
YFI/UST,37754,37789,11-06-21 04:58:01
YFI/UST,37756,37794,11-06-21 04:57:51
YFI/UST,37751,37789,11-06-21 04:57:41
YFI/UST,37752,37789,11-06-21 04:57:31
YFI/UST,37750,37789,11-06-21 04:57:21
YFI/UST,37751,37789,11-06-21 04:57:11
YFI/UST,37749,37783,11-06-21 04:57:01
YFI/UST,37741,37778,11-06-21 04:56:51
YFI/UST,37753,37787,11-06-21 04:56:41
YFI/UST,37764,37795,11-06-21 04:56:31
YFI/UST,37778,37812,11-06-21 04:56:21
YFI/UST,37780,37820,11-06-21 04:56:11
YFI/UST,37774,37811,11-06-21 04:56:01
YFI/UST,37773,37811,11-06-21 04:55:51
YFI/UST,37774,37811,11-06-21 04:55:41
YFI/UST,37775,37811,11-06-21 04:55:31
YFI/UST,37773,37811,11-06-21 04:55:21
YFI/UST,37775,37811,11-06-21 04:55:11
YFI/UST,37771,37811,11-06-21 04:55:01
YFI/UST,37768,37801,11-06-21 04:54:51
YFI/UST,37769,37809,11-06-21 04:54:41
YFI/UST,37770,37809,11-06-21 04:54:31
YFI/UST,37790,37820,11-06-21 04:54:21
YFI/UST,37791,37837,11-06-21 04:54:11
YFI/UST,37789,37837,11-06-21 04:54:01
YFI/UST,37773,37824,11-06-21 04:53:51
YFI/UST,37763,37824,11-06-21 04:53:41
YFI/UST,37771,37833,11-06-21 04:53:31
YFI/UST,37761,37811,11-06-21 04:53:21
YFI/UST,37744,37782,11-06-21 04:53:11
YFI/UST,37744,37775,11-06-21 04:53:01
YFI/UST,37735,37761,11-06-21 04:52:51
YFI/UST,37723,37761,11-06-21 04:52:41
YFI/UST,37725,37761,11-06-21 04:52:31
YFI/UST,37731,37769,11-06-21 04:52:21
YFI/UST,37736,37777,11-06-21 04:52:11
YFI/UST,37738,37783,11-06-21 04:52:01
YFI/UST,37730,37776,11-06-21 04:51:51
YFI/UST,37733,37776,11-06-21 04:51:41
YFI/UST,37734,37784,11-06-21 04:51:31
YFI/UST,37732,37793,11-06-21 04:51:21
YFI/UST,37733,37805,11-06-21 04:51:11
YFI/UST,37736,37796,11-06-21 04:51:01
YFI/UST,37725,37769,11-06-21 04:50:51
YFI/UST,37707,37753,11-06-21 04:50:41
YFI/UST,37705,37745,11-06-21 04:50:31
YFI/UST,37705,37743,11-06-21 04:50:21
YFI/UST,37695,37734,11-06-21 04:50:11
YFI/UST,37694,37734,11-06-21 04:50:01
YFI/UST,37686,37724,11-06-21 04:49:51
YFI/UST,37682,37724,11-06-21 04:49:41
YFI/UST,37681,37724,11-06-21 04:49:31
YFI/UST,37692,37732,11-06-21 04:49:21
YFI/UST,37694,37743,11-06-21 04:49:11
YFI/UST,37715,37753,11-06-21 04:49:01
YFI/UST,37715,37753,11-06-21 04:48:51
YFI/UST,37715,37753,11-06-21 04:48:41
YFI/UST,37712,37753,11-06-21 04:48:31
YFI/UST,37714,37753,11-06-21 04:48:21
YFI/UST,37717,37753,11-06-21 04:48:11
YFI/UST,37716,37753,11-06-21 04:48:01
YFI/UST,37718,37750,11-06-21 04:47:51
YFI/UST,37727,37754,11-06-21 04:47:41
YFI/UST,37727,37754,11-06-21 04:47:31
YFI/UST,37728,37756,11-06-21 04:47:21
YFI/UST,37723,37750,11-06-21 04:47:11
YFI/UST,37725,37749,11-06-21 04:47:01
YFI/UST,37720,37754,11-06-21 04:46:51
YFI/UST,37727,37756,11-06-21 04:46:41
YFI/UST,37726,37756,11-06-21 04:46:31
YFI/UST,37732,37759,11-06-21 04:46:21
YFI/UST,37738,37764,11-06-21 04:46:11
YFI/UST,37736,37765,11-06-21 04:46:01
YFI/UST,37738,37767,11-06-21 04:45:51
YFI/UST,37739,37767,11-06-21 04:45:41
YFI/UST,37740,37768,11-06-21 04:45:31
YFI/UST,37740,37767,11-06-21 04:45:21
YFI/UST,37741,37768,11-06-21 04:45:11
YFI/UST,37737,37771,11-06-21 04:45:01
YFI/UST,37739,37776,11-06-21 04:44:51
YFI/UST,37740,37776,11-06-21 04:44:41
YFI/UST,37737,37770,11-06-21 04:44:31
YFI/UST,37730,37757,11-06-21 04:44:21
YFI/UST,37731,37758,11-06-21 04:44:11
YFI/UST,37727,37755,11-06-21 04:44:01
YFI/UST,37727,37756,11-06-21 04:43:51
YFI/UST,37726,37755,11-06-21 04:43:41
YFI/UST,37729,37758,11-06-21 04:43:31
YFI/UST,37730,37758,11-06-21 04:43:21
YFI/UST,37735,37762,11-06-21 04:43:11
YFI/UST,37731,37761,11-06-21 04:43:01
YFI/UST,37731,37762,11-06-21 04:42:51
YFI/UST,37731,37761,11-06-21 04:42:41
YFI/UST,37730,37760,11-06-21 04:42:31
YFI/UST,37725,37753,11-06-21 04:42:21
YFI/UST,37730,37753,11-06-21 04:42:11
YFI/UST,37732,37759,11-06-21 04:42:01
YFI/UST,37733,37761,11-06-21 04:41:51
YFI/UST,37730,37758,11-06-21 04:41:41
YFI/UST,37729,37757,11-06-21 04:41:31
YFI/UST,37737,37763,11-06-21 04:41:21
YFI/UST,37735,37761,11-06-21 04:41:11
YFI/UST,37734,37764,11-06-21 04:41:01
YFI/UST,37726,37767,11-06-21 04:40:51
YFI/UST,37719,37758,11-06-21 04:40:41
YFI/UST,37723,37763,11-06-21 04:40:31
YFI/UST,37738,37773,11-06-21 04:40:21
YFI/UST,37758,37798,11-06-21 04:40:11
YFI/UST,37762,37805,11-06-21 04:40:01
YFI/UST,37742,37791,11-06-21 04:39:51
YFI/UST,37745,37792,11-06-21 04:39:41
YFI/UST,37739,37778,11-06-21 04:39:31
YFI/UST,37726,37767,11-06-21 04:39:21
YFI/UST,37718,37756,11-06-21 04:39:11
YFI/UST,37732,37764,11-06-21 04:39:01
YFI/UST,37735,37773,11-06-21 04:38:51
YFI/UST,37740,37798,11-06-21 04:38:41
YFI/UST,37721,37787,11-06-21 04:38:31
YFI/UST,37708,37794,11-06-21 04:38:21
YFI/UST,37703,37782,11-06-21 04:38:11
YFI/UST,37685,37739,11-06-21 04:38:01
YFI/UST,37664,37706,11-06-21 04:37:51
YFI/UST,37641,37687,11-06-21 04:37:41
YFI/UST,37637,37677,11-06-21 04:37:31
YFI/UST,37640,37681,11-06-21 04:37:21
YFI/UST,37665,37695,11-06-21 04:37:11
YFI/UST,37670,37700,11-06-21 04:37:01
YFI/UST,37672,37707,11-06-21 04:36:51
YFI/UST,37669,37709,11-06-21 04:36:41
YFI/UST,37669,37712,11-06-21 04:36:31
YFI/UST,37658,37703,11-06-21 04:36:21
YFI/UST,37653,37701,11-06-21 04:36:11
YFI/UST,37645,37692,11-06-21 04:36:01
YFI/UST,37636,37673,11-06-21 04:35:51
YFI/UST,37635,37673,11-06-21 04:35:41
YFI/UST,37625,37666,11-06-21 04:35:31
YFI/UST,37612,37651,11-06-21 04:35:21
YFI/UST,37608,37640,11-06-21 04:35:11
YFI/UST,37625,37659,11-06-21 04:35:01
YFI/UST,37607,37634,11-06-21 04:34:51
YFI/UST,37606,37639,11-06-21 04:34:41
YFI/UST,37602,37635,11-06-21 04:34:31
YFI/UST,37600,37625,11-06-21 04:34:21
YFI/UST,37604,37622,11-06-21 04:34:11
YFI/UST,37596,37622,11-06-21 04:34:01
YFI/UST,37584,37626,11-06-21 04:33:51
YFI/UST,37582,37626,11-06-21 04:33:41
YFI/UST,37582,37626,11-06-21 04:33:31
YFI/UST,37581,37626,11-06-21 04:33:21
YFI/UST,37588,37636,11-06-21 04:33:11
YFI/UST,37606,37647,11-06-21 04:33:01
YFI/UST,37603,37640,11-06-21 04:32:51
YFI/UST,37602,37638,11-06-21 04:32:41
YFI/UST,37602,37642,11-06-21 04:32:31
YFI/UST,37597,37645,11-06-21 04:32:21
YFI/UST,37596,37646,11-06-21 04:32:11
YFI/UST,37595,37643,11-06-21 04:32:01
YFI/UST,37595,37643,11-06-21 04:31:51
YFI/UST,37589,37633,11-06-21 04:31:41
YFI/UST,37586,37628,11-06-21 04:31:31
YFI/UST,37578,37621,11-06-21 04:31:21
YFI/UST,37582,37627,11-06-21 04:31:11
YFI/UST,37586,37631,11-06-21 04:31:01
YFI/UST,37579,37629,11-06-21 04:30:51
YFI/UST,37572,37626,11-06-21 04:30:41
YFI/UST,37571,37626,11-06-21 04:30:31
YFI/UST,37575,37626,11-06-21 04:30:21
YFI/UST,37575,37626,11-06-21 04:30:11
YFI/UST,37551,37605,11-06-21 04:30:01
YFI/UST,37570,37613,11-06-21 04:29:51
YFI/UST,37571,37612,11-06-21 04:29:41
YFI/UST,37572,37612,11-06-21 04:29:31
YFI/UST,37589,37632,11-06-21 04:29:21
YFI/UST,37587,37634,11-06-21 04:29:11
YFI/UST,37589,37632,11-06-21 04:29:01
YFI/UST,37588,37633,11-06-21 04:28:51
YFI/UST,37583,37627,11-06-21 04:28:41
YFI/UST,37580,37616,11-06-21 04:28:31
YFI/UST,37570,37603,11-06-21 04:28:21
YFI/UST,37569,37602,11-06-21 04:28:11
YFI/UST,37556,37594,11-06-21 04:28:01
YFI/UST,37572,37607,11-06-21 04:27:51
YFI/UST,37570,37610,11-06-21 04:27:41
YFI/UST,37579,37616,11-06-21 04:27:31
YFI/UST,37580,37618,11-06-21 04:27:21
YFI/UST,37584,37614,11-06-21 04:27:11
YFI/UST,37604,37632,11-06-21 04:27:01
YFI/UST,37605,37634,11-06-21 04:26:51
YFI/UST,37604,37633,11-06-21 04:26:41
YFI/UST,37603,37631,11-06-21 04:26:31
YFI/UST,37608,37635,11-06-21 04:26:21
YFI/UST,37604,37631,11-06-21 04:26:11
YFI/UST,37599,37633,11-06-21 04:26:01
YFI/UST,37602,37637,11-06-21 04:25:51
YFI/UST,37597,37633,11-06-21 04:25:41
YFI/UST,37585,37631,11-06-21 04:25:31
YFI/UST,37579,37624,11-06-21 04:25:21
