PAIR,BID,ASK,TIME
LINK/USD,22.93,22.945,11-06-21 11:42:31
LINK/USD,22.947,22.963,11-06-21 11:42:21
LINK/USD,22.947,22.963,11-06-21 11:42:11
LINK/USD,22.947,22.962,11-06-21 11:42:01
LINK/USD,22.947,22.96,11-06-21 11:41:51
LINK/USD,22.947,22.964,11-06-21 11:41:41
LINK/USD,22.947,22.963,11-06-21 11:41:31
LINK/USD,22.947,22.964,11-06-21 11:41:21
LINK/USD,22.946,22.967,11-06-21 11:41:11
LINK/USD,22.94,22.949,11-06-21 11:41:01
LINK/USD,22.937,22.949,11-06-21 11:40:51
LINK/USD,22.935,22.949,11-06-21 11:40:41
LINK/USD,22.93,22.949,11-06-21 11:40:31
LINK/USD,22.929,22.949,11-06-21 11:40:21
LINK/USD,22.929,22.945,11-06-21 11:40:11
LINK/USD,22.929,22.952,11-06-21 11:40:01
LINK/USD,22.926,22.949,11-06-21 11:39:51
LINK/USD,22.926,22.942,11-06-21 11:39:41
LINK/USD,22.908,22.922,11-06-21 11:39:31
LINK/USD,22.908,22.929,11-06-21 11:39:21
LINK/USD,22.908,22.929,11-06-21 11:39:11
LINK/USD,22.92,22.937,11-06-21 11:39:01
LINK/USD,22.92,22.937,11-06-21 11:38:51
LINK/USD,22.917,22.935,11-06-21 11:38:41
LINK/USD,22.91,22.929,11-06-21 11:38:31
LINK/USD,22.907,22.929,11-06-21 11:38:21
LINK/USD,22.905,22.928,11-06-21 11:38:11
LINK/USD,22.898,22.92,11-06-21 11:38:01
LINK/USD,22.898,22.918,11-06-21 11:37:51
LINK/USD,22.913,22.93,11-06-21 11:37:41
LINK/USD,22.911,22.939,11-06-21 11:37:31
LINK/USD,22.915,22.938,11-06-21 11:37:21
LINK/USD,22.903,22.922,11-06-21 11:37:11
LINK/USD,22.899,22.925,11-06-21 11:37:01
LINK/USD,22.898,22.923,11-06-21 11:36:51
LINK/USD,22.903,22.921,11-06-21 11:36:41
LINK/USD,22.903,22.924,11-06-21 11:36:31
LINK/USD,22.903,22.926,11-06-21 11:36:21
LINK/USD,22.903,22.924,11-06-21 11:36:11
LINK/USD,22.917,22.938,11-06-21 11:36:01
LINK/USD,22.908,22.929,11-06-21 11:35:51
LINK/USD,22.896,22.923,11-06-21 11:35:41
LINK/USD,22.895,22.926,11-06-21 11:35:31
LINK/USD,22.895,22.926,11-06-21 11:35:21
LINK/USD,22.879,22.904,11-06-21 11:35:11
LINK/USD,22.865,22.892,11-06-21 11:35:01
LINK/USD,22.872,22.896,11-06-21 11:34:51
LINK/USD,22.877,22.904,11-06-21 11:34:41
LINK/USD,22.884,22.908,11-06-21 11:34:31
LINK/USD,22.877,22.903,11-06-21 11:34:21
LINK/USD,22.882,22.905,11-06-21 11:34:11
LINK/USD,22.882,22.907,11-06-21 11:34:01
LINK/USD,22.864,22.894,11-06-21 11:33:51
LINK/USD,22.864,22.892,11-06-21 11:33:41
LINK/USD,22.865,22.894,11-06-21 11:33:31
LINK/USD,22.855,22.878,11-06-21 11:33:21
LINK/USD,22.853,22.878,11-06-21 11:33:11
LINK/USD,22.852,22.878,11-06-21 11:33:01
LINK/USD,22.862,22.891,11-06-21 11:32:51
LINK/USD,22.866,22.904,11-06-21 11:32:41
LINK/USD,22.901,22.921,11-06-21 11:32:31
LINK/USD,22.897,22.922,11-06-21 11:32:21
LINK/USD,22.893,22.921,11-06-21 11:32:11
LINK/USD,22.89,22.92,11-06-21 11:32:01
LINK/USD,22.885,22.91,11-06-21 11:31:51
LINK/USD,22.878,22.901,11-06-21 11:31:41
LINK/USD,22.868,22.897,11-06-21 11:31:31
LINK/USD,22.857,22.886,11-06-21 11:31:21
LINK/USD,22.882,22.911,11-06-21 11:31:11
LINK/USD,22.919,22.945,11-06-21 11:31:01
LINK/USD,22.947,22.971,11-06-21 11:30:51
LINK/USD,22.947,22.972,11-06-21 11:30:41
LINK/USD,22.926,22.951,11-06-21 11:30:31
LINK/USD,22.919,22.949,11-06-21 11:30:21
LINK/USD,22.92,22.945,11-06-21 11:30:11
LINK/USD,22.907,22.938,11-06-21 11:30:01
LINK/USD,22.9,22.931,11-06-21 11:29:51
LINK/USD,22.907,22.934,11-06-21 11:29:41
LINK/USD,22.926,22.95,11-06-21 11:29:31
LINK/USD,22.9,22.921,11-06-21 11:29:21
LINK/USD,22.901,22.922,11-06-21 11:29:11
LINK/USD,22.901,22.922,11-06-21 11:29:01
LINK/USD,22.895,22.917,11-06-21 11:28:51
LINK/USD,22.888,22.917,11-06-21 11:28:41
LINK/USD,22.894,22.917,11-06-21 11:28:31
LINK/USD,22.915,22.932,11-06-21 11:28:21
LINK/USD,22.907,22.936,11-06-21 11:28:11
LINK/USD,22.909,22.937,11-06-21 11:28:01
LINK/USD,22.9,22.924,11-06-21 11:27:51
LINK/USD,22.889,22.912,11-06-21 11:27:41
LINK/USD,22.875,22.901,11-06-21 11:27:31
LINK/USD,22.88,22.904,11-06-21 11:27:21
LINK/USD,22.887,22.911,11-06-21 11:27:11
LINK/USD,22.89,22.921,11-06-21 11:27:01
LINK/USD,22.905,22.937,11-06-21 11:26:51
LINK/USD,22.911,22.945,11-06-21 11:26:41
LINK/USD,22.927,22.952,11-06-21 11:26:31
LINK/USD,22.928,22.959,11-06-21 11:26:21
LINK/USD,22.892,22.918,11-06-21 11:26:11
LINK/USD,22.869,22.894,11-06-21 11:26:01
LINK/USD,22.853,22.885,11-06-21 11:25:51
LINK/USD,22.88,22.901,11-06-21 11:25:41
LINK/USD,22.884,22.909,11-06-21 11:25:31
LINK/USD,22.9,22.916,11-06-21 11:25:21
LINK/USD,22.882,22.913,11-06-21 11:25:11
LINK/USD,22.877,22.906,11-06-21 11:25:01
LINK/USD,22.866,22.898,11-06-21 11:24:51
LINK/USD,22.851,22.884,11-06-21 11:24:41
LINK/USD,22.843,22.872,11-06-21 11:24:31
LINK/USD,22.847,22.863,11-06-21 11:24:21
LINK/USD,22.912,22.934,11-06-21 11:24:11
LINK/USD,22.922,22.951,11-06-21 11:24:01
LINK/USD,22.923,22.945,11-06-21 11:23:51
LINK/USD,22.923,22.946,11-06-21 11:23:41
LINK/USD,22.93,22.949,11-06-21 11:23:31
LINK/USD,22.922,22.944,11-06-21 11:23:21
LINK/USD,22.922,22.954,11-06-21 11:23:11
LINK/USD,22.922,22.955,11-06-21 11:23:01
LINK/USD,22.922,22.961,11-06-21 11:22:51
LINK/USD,22.93,22.962,11-06-21 11:22:41
LINK/USD,22.935,22.965,11-06-21 11:22:31
LINK/USD,22.935,22.969,11-06-21 11:22:21
LINK/USD,22.91,22.947,11-06-21 11:22:11
LINK/USD,22.91,22.946,11-06-21 11:22:01
LINK/USD,22.912,22.947,11-06-21 11:21:51
LINK/USD,22.904,22.934,11-06-21 11:21:41
LINK/USD,22.904,22.943,11-06-21 11:21:31
LINK/USD,22.902,22.933,11-06-21 11:21:21
LINK/USD,22.911,22.945,11-06-21 11:21:11
LINK/USD,22.931,22.962,11-06-21 11:21:01
LINK/USD,22.909,22.937,11-06-21 11:20:51
LINK/USD,22.896,22.937,11-06-21 11:20:41
LINK/USD,22.917,22.949,11-06-21 11:20:31
LINK/USD,22.965,22.998,11-06-21 11:20:21
LINK/USD,22.893,22.926,11-06-21 11:20:11
LINK/USD,22.853,22.883,11-06-21 11:20:01
LINK/USD,22.841,22.87,11-06-21 11:19:51
LINK/USD,22.92,22.952,11-06-21 11:19:41
LINK/USD,22.913,22.929,11-06-21 11:19:31
LINK/USD,22.903,22.918,11-06-21 11:19:21
LINK/USD,22.914,22.946,11-06-21 11:19:11
LINK/USD,22.888,22.92,11-06-21 11:19:01
LINK/USD,22.921,22.935,11-06-21 11:18:51
LINK/USD,22.945,22.965,11-06-21 11:18:41
LINK/USD,22.956,22.986,11-06-21 11:18:31
LINK/USD,22.953,22.974,11-06-21 11:18:21
LINK/USD,23.016,23.037,11-06-21 11:18:11
LINK/USD,23.028,23.052,11-06-21 11:18:01
LINK/USD,23.033,23.059,11-06-21 11:17:51
LINK/USD,23.054,23.081,11-06-21 11:17:41
LINK/USD,23.054,23.079,11-06-21 11:17:31
LINK/USD,23.054,23.08,11-06-21 11:17:21
LINK/USD,23.041,23.065,11-06-21 11:17:11
LINK/USD,23.034,23.054,11-06-21 11:17:01
LINK/USD,23.019,23.04,11-06-21 11:16:51
LINK/USD,23.028,23.047,11-06-21 11:16:41
LINK/USD,23.024,23.046,11-06-21 11:16:31
LINK/USD,23.021,23.042,11-06-21 11:16:21
LINK/USD,23.009,23.029,11-06-21 11:16:11
LINK/USD,23.012,23.031,11-06-21 11:16:01
LINK/USD,23.013,23.039,11-06-21 11:15:51
LINK/USD,23.008,23.034,11-06-21 11:15:41
LINK/USD,22.997,23.021,11-06-21 11:15:31
LINK/USD,22.994,23.015,11-06-21 11:15:21
LINK/USD,22.987,23.007,11-06-21 11:15:11
LINK/USD,22.985,23.005,11-06-21 11:15:01
LINK/USD,22.983,23.004,11-06-21 11:14:51
LINK/USD,22.982,23.004,11-06-21 11:14:41
LINK/USD,22.976,23.004,11-06-21 11:14:31
LINK/USD,22.973,22.995,11-06-21 11:14:21
LINK/USD,22.966,22.991,11-06-21 11:14:11
LINK/USD,22.972,23.002,11-06-21 11:14:01
LINK/USD,22.972,23,11-06-21 11:13:51
LINK/USD,22.958,22.984,11-06-21 11:13:41
LINK/USD,22.944,22.966,11-06-21 11:13:31
LINK/USD,22.943,22.97,11-06-21 11:13:21
LINK/USD,22.945,22.975,11-06-21 11:13:11
LINK/USD,22.936,22.962,11-06-21 11:13:01
LINK/USD,22.927,22.954,11-06-21 11:12:51
LINK/USD,22.926,22.952,11-06-21 11:12:41
LINK/USD,22.937,22.958,11-06-21 11:12:31
LINK/USD,22.958,22.981,11-06-21 11:12:21
LINK/USD,22.977,23.002,11-06-21 11:12:11
LINK/USD,22.998,23.017,11-06-21 11:12:01
LINK/USD,22.996,23.016,11-06-21 11:11:51
LINK/USD,22.994,23.015,11-06-21 11:11:41
LINK/USD,22.997,23.018,11-06-21 11:11:31
LINK/USD,22.998,23.017,11-06-21 11:11:21
LINK/USD,22.991,23.011,11-06-21 11:11:11
LINK/USD,23.002,23.018,11-06-21 11:11:01
LINK/USD,22.997,23.017,11-06-21 11:10:51
LINK/USD,22.997,23.015,11-06-21 11:10:41
LINK/USD,22.992,23.009,11-06-21 11:10:31
LINK/USD,22.992,23.01,11-06-21 11:10:21
LINK/USD,22.991,23.009,11-06-21 11:10:11
LINK/USD,22.99,23.013,11-06-21 11:10:01
LINK/USD,22.99,23.012,11-06-21 11:09:51
LINK/USD,22.99,23.014,11-06-21 11:09:41
LINK/USD,22.99,23.014,11-06-21 11:09:31
LINK/USD,22.993,23.017,11-06-21 11:09:21
LINK/USD,23.002,23.023,11-06-21 11:09:11
LINK/USD,22.992,23,11-06-21 11:09:01
LINK/USD,22.99,23,11-06-21 11:08:51
LINK/USD,22.995,23,11-06-21 11:08:41
LINK/USD,23,23.015,11-06-21 11:08:31
LINK/USD,23,23.015,11-06-21 11:08:21
LINK/USD,23,23.016,11-06-21 11:08:11
LINK/USD,23.016,23.04,11-06-21 11:08:01
LINK/USD,23.022,23.047,11-06-21 11:07:51
LINK/USD,23.02,23.046,11-06-21 11:07:41
LINK/USD,23.028,23.052,11-06-21 11:07:31
LINK/USD,23.031,23.052,11-06-21 11:07:21
LINK/USD,23.055,23.069,11-06-21 11:07:11
LINK/USD,23.054,23.07,11-06-21 11:07:01
LINK/USD,23.056,23.07,11-06-21 11:06:51
LINK/USD,23.061,23.07,11-06-21 11:06:41
LINK/USD,23.069,23.091,11-06-21 11:06:31
LINK/USD,23.062,23.085,11-06-21 11:06:21
LINK/USD,23.062,23.085,11-06-21 11:06:11
LINK/USD,23.065,23.088,11-06-21 11:06:01
LINK/USD,23.072,23.095,11-06-21 11:05:51
LINK/USD,23.089,23.102,11-06-21 11:05:41
LINK/USD,23.076,23.096,11-06-21 11:05:31
LINK/USD,23.076,23.097,11-06-21 11:05:21
LINK/USD,23.075,23.096,11-06-21 11:05:11
LINK/USD,23.072,23.095,11-06-21 11:05:01
LINK/USD,23.075,23.097,11-06-21 11:04:51
LINK/USD,23.08,23.099,11-06-21 11:04:41
LINK/USD,23.08,23.102,11-06-21 11:04:31
LINK/USD,23.08,23.104,11-06-21 11:04:21
LINK/USD,23.085,23.109,11-06-21 11:04:11
LINK/USD,23.08,23.11,11-06-21 11:04:01
LINK/USD,23.083,23.106,11-06-21 11:03:51
LINK/USD,23.087,23.109,11-06-21 11:03:41
LINK/USD,23.089,23.116,11-06-21 11:03:31
LINK/USD,23.089,23.112,11-06-21 11:03:21
LINK/USD,23.094,23.118,11-06-21 11:03:11
LINK/USD,23.099,23.129,11-06-21 11:03:01
LINK/USD,23.092,23.118,11-06-21 11:02:51
LINK/USD,23.097,23.126,11-06-21 11:02:41
LINK/USD,23.089,23.112,11-06-21 11:02:31
LINK/USD,23.089,23.118,11-06-21 11:02:21
LINK/USD,23.09,23.113,11-06-21 11:02:11
LINK/USD,23.112,23.136,11-06-21 11:02:01
LINK/USD,23.084,23.1,11-06-21 11:01:51
LINK/USD,23.084,23.114,11-06-21 11:01:41
LINK/USD,23.08,23.105,11-06-21 11:01:31
LINK/USD,23.084,23.113,11-06-21 11:01:21
LINK/USD,23.098,23.132,11-06-21 11:01:11
LINK/USD,23.111,23.142,11-06-21 11:01:01
LINK/USD,23.13,23.152,11-06-21 11:00:51
LINK/USD,23.133,23.163,11-06-21 11:00:41
LINK/USD,23.133,23.162,11-06-21 11:00:31
LINK/USD,23.133,23.162,11-06-21 11:00:21
LINK/USD,23.143,23.176,11-06-21 11:00:11
LINK/USD,23.083,23.103,11-06-21 11:00:01
LINK/USD,23.075,23.099,11-06-21 10:59:51
LINK/USD,23.089,23.11,11-06-21 10:59:41
LINK/USD,23.089,23.11,11-06-21 10:59:31
LINK/USD,23.078,23.1,11-06-21 10:59:21
LINK/USD,23.072,23.098,11-06-21 10:59:11
LINK/USD,23.069,23.093,11-06-21 10:59:01
LINK/USD,23.074,23.096,11-06-21 10:58:51
LINK/USD,23.068,23.093,11-06-21 10:58:41
LINK/USD,23.069,23.09,11-06-21 10:58:31
LINK/USD,23.069,23.089,11-06-21 10:58:21
LINK/USD,23.065,23.089,11-06-21 10:58:11
LINK/USD,23.057,23.079,11-06-21 10:58:01
LINK/USD,23.057,23.082,11-06-21 10:57:51
LINK/USD,23.057,23.083,11-06-21 10:57:41
LINK/USD,23.062,23.082,11-06-21 10:57:31
LINK/USD,23.047,23.073,11-06-21 10:57:21
LINK/USD,23.048,23.071,11-06-21 10:57:11
LINK/USD,23.048,23.073,11-06-21 10:57:01
LINK/USD,23.048,23.074,11-06-21 10:56:51
LINK/USD,23.041,23.07,11-06-21 10:56:41
LINK/USD,23.041,23.073,11-06-21 10:56:31
LINK/USD,23.041,23.072,11-06-21 10:56:21
LINK/USD,23.051,23.078,11-06-21 10:56:11
LINK/USD,23.052,23.076,11-06-21 10:56:01
LINK/USD,23.066,23.09,11-06-21 10:55:51
LINK/USD,23.062,23.088,11-06-21 10:55:41
LINK/USD,23.066,23.094,11-06-21 10:55:31
LINK/USD,23.078,23.101,11-06-21 10:55:21
LINK/USD,23.078,23.105,11-06-21 10:55:11
LINK/USD,23.061,23.085,11-06-21 10:55:01
LINK/USD,23.058,23.079,11-06-21 10:54:51
LINK/USD,23.058,23.084,11-06-21 10:54:41
LINK/USD,23.059,23.082,11-06-21 10:54:31
LINK/USD,23.082,23.101,11-06-21 10:54:21
LINK/USD,23.072,23.094,11-06-21 10:54:11
LINK/USD,23.066,23.093,11-06-21 10:54:01
LINK/USD,23.07,23.092,11-06-21 10:53:51
LINK/USD,23.082,23.1,11-06-21 10:53:41
LINK/USD,23.084,23.105,11-06-21 10:53:31
LINK/USD,23.084,23.108,11-06-21 10:53:21
LINK/USD,23.085,23.106,11-06-21 10:53:11
LINK/USD,23.105,23.113,11-06-21 10:53:01
LINK/USD,23.097,23.115,11-06-21 10:52:51
LINK/USD,23.095,23.114,11-06-21 10:52:41
LINK/USD,23.095,23.116,11-06-21 10:52:31
LINK/USD,23.081,23.102,11-06-21 10:52:21
LINK/USD,23.072,23.096,11-06-21 10:52:11
LINK/USD,23.085,23.104,11-06-21 10:52:01
LINK/USD,23.079,23.1,11-06-21 10:51:51
LINK/USD,23.074,23.097,11-06-21 10:51:41
LINK/USD,23.077,23.102,11-06-21 10:51:31
LINK/USD,23.079,23.106,11-06-21 10:51:21
LINK/USD,23.069,23.088,11-06-21 10:51:11
LINK/USD,23.058,23.08,11-06-21 10:51:01
LINK/USD,23.063,23.088,11-06-21 10:50:51
LINK/USD,23.063,23.086,11-06-21 10:50:41
LINK/USD,23.057,23.08,11-06-21 10:50:31
LINK/USD,23.057,23.08,11-06-21 10:50:21
LINK/USD,23.074,23.094,11-06-21 10:50:11
LINK/USD,23.08,23.103,11-06-21 10:50:01
LINK/USD,23.079,23.102,11-06-21 10:49:51
LINK/USD,23.089,23.112,11-06-21 10:49:41
LINK/USD,23.083,23.109,11-06-21 10:49:31
LINK/USD,23.086,23.112,11-06-21 10:49:21
LINK/USD,23.096,23.117,11-06-21 10:49:11
LINK/USD,23.101,23.123,11-06-21 10:49:01
LINK/USD,23.109,23.132,11-06-21 10:48:51
LINK/USD,23.102,23.126,11-06-21 10:48:41
LINK/USD,23.108,23.135,11-06-21 10:48:31
LINK/USD,23.108,23.135,11-06-21 10:48:21
LINK/USD,23.108,23.135,11-06-21 10:48:11
LINK/USD,23.095,23.125,11-06-21 10:48:01
LINK/USD,23.095,23.125,11-06-21 10:47:51
LINK/USD,23.094,23.122,11-06-21 10:47:41
LINK/USD,23.084,23.113,11-06-21 10:47:31
LINK/USD,23.083,23.113,11-06-21 10:47:21
LINK/USD,23.101,23.113,11-06-21 10:47:11
LINK/USD,23.102,23.122,11-06-21 10:47:01
LINK/USD,23.1,23.118,11-06-21 10:46:51
LINK/USD,23.103,23.123,11-06-21 10:46:41
LINK/USD,23.106,23.129,11-06-21 10:46:31
LINK/USD,23.095,23.125,11-06-21 10:46:21
LINK/USD,23.122,23.146,11-06-21 10:46:11
LINK/USD,23.135,23.164,11-06-21 10:46:01
LINK/USD,23.155,23.185,11-06-21 10:45:51
LINK/USD,23.176,23.203,11-06-21 10:45:41
LINK/USD,23.184,23.207,11-06-21 10:45:31
LINK/USD,23.188,23.216,11-06-21 10:45:21
LINK/USD,23.216,23.246,11-06-21 10:45:11
LINK/USD,23.206,23.229,11-06-21 10:45:01
LINK/USD,23.186,23.206,11-06-21 10:44:51
LINK/USD,23.187,23.21,11-06-21 10:44:41
LINK/USD,23.187,23.21,11-06-21 10:44:31
LINK/USD,23.192,23.214,11-06-21 10:44:21
LINK/USD,23.202,23.22,11-06-21 10:44:11
LINK/USD,23.193,23.208,11-06-21 10:44:01
LINK/USD,23.186,23.208,11-06-21 10:43:51
LINK/USD,23.193,23.213,11-06-21 10:43:41
LINK/USD,23.176,23.204,11-06-21 10:43:31
LINK/USD,23.18,23.204,11-06-21 10:43:21
LINK/USD,23.201,23.222,11-06-21 10:43:11
LINK/USD,23.198,23.228,11-06-21 10:43:01
LINK/USD,23.204,23.229,11-06-21 10:42:51
LINK/USD,23.199,23.224,11-06-21 10:42:41
LINK/USD,23.222,23.244,11-06-21 10:42:31
LINK/USD,23.227,23.248,11-06-21 10:42:21
LINK/USD,23.228,23.252,11-06-21 10:42:11
LINK/USD,23.229,23.251,11-06-21 10:42:01
LINK/USD,23.226,23.252,11-06-21 10:41:51
LINK/USD,23.225,23.252,11-06-21 10:41:41
LINK/USD,23.224,23.25,11-06-21 10:41:31
LINK/USD,23.204,23.237,11-06-21 10:41:21
LINK/USD,23.218,23.245,11-06-21 10:41:11
LINK/USD,23.194,23.2,11-06-21 10:41:01
LINK/USD,23.182,23.2,11-06-21 10:40:51
LINK/USD,23.192,23.2,11-06-21 10:40:41
LINK/USD,23.18,23.2,11-06-21 10:40:31
LINK/USD,23.178,23.2,11-06-21 10:40:21
LINK/USD,23.177,23.198,11-06-21 10:40:11
LINK/USD,23.187,23.212,11-06-21 10:40:01
LINK/USD,23.183,23.209,11-06-21 10:39:51
LINK/USD,23.192,23.216,11-06-21 10:39:41
LINK/USD,23.178,23.199,11-06-21 10:39:31
LINK/USD,23.162,23.186,11-06-21 10:39:21
LINK/USD,23.155,23.169,11-06-21 10:39:11
LINK/USD,23.153,23.169,11-06-21 10:39:01
LINK/USD,23.152,23.169,11-06-21 10:38:51
LINK/USD,23.153,23.169,11-06-21 10:38:41
LINK/USD,23.148,23.165,11-06-21 10:38:31
LINK/USD,23.149,23.169,11-06-21 10:38:21
LINK/USD,23.147,23.168,11-06-21 10:38:11
LINK/USD,23.156,23.174,11-06-21 10:38:01
LINK/USD,23.153,23.176,11-06-21 10:37:51
LINK/USD,23.152,23.176,11-06-21 10:37:41
LINK/USD,23.152,23.177,11-06-21 10:37:31
LINK/USD,23.162,23.186,11-06-21 10:37:21
LINK/USD,23.144,23.161,11-06-21 10:37:11
LINK/USD,23.151,23.171,11-06-21 10:37:01
LINK/USD,23.149,23.172,11-06-21 10:36:51
LINK/USD,23.149,23.173,11-06-21 10:36:41
LINK/USD,23.156,23.182,11-06-21 10:36:31
LINK/USD,23.147,23.174,11-06-21 10:36:21
LINK/USD,23.147,23.174,11-06-21 10:36:11
LINK/USD,23.145,23.174,11-06-21 10:36:01
LINK/USD,23.145,23.173,11-06-21 10:35:51
LINK/USD,23.135,23.154,11-06-21 10:35:41
LINK/USD,23.135,23.16,11-06-21 10:35:31
LINK/USD,23.135,23.162,11-06-21 10:35:21
LINK/USD,23.126,23.154,11-06-21 10:35:11
LINK/USD,23.144,23.167,11-06-21 10:35:01
LINK/USD,23.144,23.167,11-06-21 10:34:51
LINK/USD,23.134,23.164,11-06-21 10:34:41
LINK/USD,23.125,23.151,11-06-21 10:34:31
LINK/USD,23.125,23.156,11-06-21 10:34:21
LINK/USD,23.126,23.156,11-06-21 10:34:11
LINK/USD,23.129,23.163,11-06-21 10:34:01
LINK/USD,23.13,23.164,11-06-21 10:33:51
LINK/USD,23.137,23.167,11-06-21 10:33:41
LINK/USD,23.147,23.176,11-06-21 10:33:31
LINK/USD,23.152,23.175,11-06-21 10:33:21
LINK/USD,23.152,23.181,11-06-21 10:33:11
LINK/USD,23.152,23.178,11-06-21 10:33:01
LINK/USD,23.152,23.186,11-06-21 10:32:51
LINK/USD,23.159,23.184,11-06-21 10:32:41
LINK/USD,23.159,23.183,11-06-21 10:32:31
LINK/USD,23.118,23.142,11-06-21 10:32:21
LINK/USD,23.114,23.136,11-06-21 10:32:11
LINK/USD,23.107,23.132,11-06-21 10:32:01
LINK/USD,23.107,23.132,11-06-21 10:31:51
LINK/USD,23.107,23.132,11-06-21 10:31:41
LINK/USD,23.107,23.132,11-06-21 10:31:31
LINK/USD,23.11,23.132,11-06-21 10:31:21
LINK/USD,23.111,23.133,11-06-21 10:31:11
LINK/USD,23.106,23.127,11-06-21 10:31:01
LINK/USD,23.112,23.136,11-06-21 10:30:51
LINK/USD,23.112,23.136,11-06-21 10:30:41
LINK/USD,23.118,23.143,11-06-21 10:30:31
LINK/USD,23.131,23.153,11-06-21 10:30:21
LINK/USD,23.138,23.161,11-06-21 10:30:11
LINK/USD,23.118,23.144,11-06-21 10:30:01
LINK/USD,23.124,23.145,11-06-21 10:29:51
LINK/USD,23.127,23.15,11-06-21 10:29:41
LINK/USD,23.121,23.139,11-06-21 10:29:31
LINK/USD,23.131,23.149,11-06-21 10:29:21
LINK/USD,23.131,23.147,11-06-21 10:29:11
LINK/USD,23.134,23.153,11-06-21 10:29:01
LINK/USD,23.131,23.151,11-06-21 10:28:50
LINK/USD,23.131,23.158,11-06-21 10:28:41
LINK/USD,23.136,23.16,11-06-21 10:28:31
LINK/USD,23.132,23.153,11-06-21 10:28:21
LINK/USD,23.116,23.134,11-06-21 10:28:11
LINK/USD,23.117,23.132,11-06-21 10:28:01
LINK/USD,23.112,23.132,11-06-21 10:27:51
LINK/USD,23.115,23.134,11-06-21 10:27:41
LINK/USD,23.12,23.142,11-06-21 10:27:31
LINK/USD,23.134,23.153,11-06-21 10:27:21
LINK/USD,23.126,23.154,11-06-21 10:27:11
LINK/USD,23.124,23.157,11-06-21 10:27:01
LINK/USD,23.127,23.154,11-06-21 10:26:51
LINK/USD,23.154,23.176,11-06-21 10:26:41
LINK/USD,23.148,23.178,11-06-21 10:26:31
LINK/USD,23.15,23.176,11-06-21 10:26:21
LINK/USD,23.16,23.185,11-06-21 10:26:11
LINK/USD,23.16,23.187,11-06-21 10:26:01
LINK/USD,23.16,23.184,11-06-21 10:25:51
LINK/USD,23.142,23.167,11-06-21 10:25:41
LINK/USD,23.141,23.169,11-06-21 10:25:31
LINK/USD,23.141,23.167,11-06-21 10:25:21
LINK/USD,23.142,23.169,11-06-21 10:25:11
LINK/USD,23.142,23.171,11-06-21 10:25:01
LINK/USD,23.124,23.153,11-06-21 10:24:51
LINK/USD,23.124,23.15,11-06-21 10:24:41
LINK/USD,23.104,23.129,11-06-21 10:24:31
LINK/USD,23.105,23.129,11-06-21 10:24:21
LINK/USD,23.109,23.137,11-06-21 10:24:11
LINK/USD,23.117,23.14,11-06-21 10:24:01
LINK/USD,23.103,23.128,11-06-21 10:23:51
LINK/USD,23.11,23.13,11-06-21 10:23:41
LINK/USD,23.11,23.138,11-06-21 10:23:31
LINK/USD,23.109,23.138,11-06-21 10:23:21
LINK/USD,23.126,23.156,11-06-21 10:23:11
LINK/USD,23.109,23.139,11-06-21 10:23:01
LINK/USD,23.109,23.139,11-06-21 10:22:51
LINK/USD,23.133,23.158,11-06-21 10:22:41
LINK/USD,23.136,23.156,11-06-21 10:22:31
LINK/USD,23.132,23.161,11-06-21 10:22:21
LINK/USD,23.131,23.155,11-06-21 10:22:11
LINK/USD,23.131,23.165,11-06-21 10:22:01
LINK/USD,23.136,23.166,11-06-21 10:21:51
LINK/USD,23.136,23.166,11-06-21 10:21:41
LINK/USD,23.107,23.135,11-06-21 10:21:31
LINK/USD,23.107,23.13,11-06-21 10:21:21
LINK/USD,23.094,23.119,11-06-21 10:21:11
LINK/USD,23.094,23.118,11-06-21 10:21:01
LINK/USD,23.094,23.121,11-06-21 10:20:51
LINK/USD,23.085,23.116,11-06-21 10:20:41
LINK/USD,23.091,23.112,11-06-21 10:20:31
LINK/USD,23.091,23.112,11-06-21 10:20:21
LINK/USD,23.086,23.109,11-06-21 10:20:11
LINK/USD,23.087,23.117,11-06-21 10:20:01
LINK/USD,23.096,23.117,11-06-21 10:19:51
LINK/USD,23.088,23.115,11-06-21 10:19:41
LINK/USD,23.095,23.114,11-06-21 10:19:31
LINK/USD,23.078,23.102,11-06-21 10:19:21
LINK/USD,23.055,23.08,11-06-21 10:19:11
LINK/USD,23.061,23.086,11-06-21 10:19:01
LINK/USD,23.06,23.083,11-06-21 10:18:51
LINK/USD,23.066,23.09,11-06-21 10:18:41
LINK/USD,23.052,23.075,11-06-21 10:18:31
LINK/USD,23.045,23.066,11-06-21 10:18:21
LINK/USD,23.028,23.051,11-06-21 10:18:11
LINK/USD,23.028,23.054,11-06-21 10:18:01
LINK/USD,23.028,23.053,11-06-21 10:17:51
LINK/USD,23.006,23.025,11-06-21 10:17:41
LINK/USD,23.006,23.025,11-06-21 10:17:31
LINK/USD,23.006,23.034,11-06-21 10:17:21
LINK/USD,23.006,23.036,11-06-21 10:17:11
LINK/USD,23.006,23.025,11-06-21 10:17:01
LINK/USD,23.002,23.021,11-06-21 10:16:51
LINK/USD,23.002,23.028,11-06-21 10:16:41
LINK/USD,23.004,23.03,11-06-21 10:16:31
LINK/USD,23.003,23.025,11-06-21 10:16:21
LINK/USD,23.029,23.046,11-06-21 10:16:11
LINK/USD,23.029,23.053,11-06-21 10:16:01
LINK/USD,23.034,23.053,11-06-21 10:15:51
LINK/USD,23.05,23.068,11-06-21 10:15:41
LINK/USD,23.06,23.081,11-06-21 10:15:31
LINK/USD,23.076,23.1,11-06-21 10:15:21
LINK/USD,23.067,23.094,11-06-21 10:15:11
LINK/USD,23.05,23.071,11-06-21 10:15:01
LINK/USD,23.05,23.066,11-06-21 10:14:51
LINK/USD,23.05,23.069,11-06-21 10:14:41
LINK/USD,23.061,23.081,11-06-21 10:14:31
LINK/USD,23.06,23.081,11-06-21 10:14:21
LINK/USD,23.061,23.085,11-06-21 10:14:11
LINK/USD,23.057,23.086,11-06-21 10:14:01
LINK/USD,23.071,23.094,11-06-21 10:13:51
LINK/USD,23.071,23.097,11-06-21 10:13:41
LINK/USD,23.081,23.106,11-06-21 10:13:31
LINK/USD,23.062,23.081,11-06-21 10:13:21
LINK/USD,23.05,23.067,11-06-21 10:13:11
LINK/USD,23.06,23.081,11-06-21 10:13:01
LINK/USD,23.05,23.071,11-06-21 10:12:51
LINK/USD,23.053,23.076,11-06-21 10:12:41
LINK/USD,23.053,23.078,11-06-21 10:12:31
LINK/USD,23.072,23.098,11-06-21 10:12:21
LINK/USD,23.091,23.114,11-06-21 10:12:11
LINK/USD,23.099,23.119,11-06-21 10:12:01
LINK/USD,23.101,23.121,11-06-21 10:11:51
LINK/USD,23.103,23.123,11-06-21 10:11:41
LINK/USD,23.099,23.123,11-06-21 10:11:31
LINK/USD,23.1,23.125,11-06-21 10:11:21
LINK/USD,23.099,23.128,11-06-21 10:11:11
LINK/USD,23.111,23.142,11-06-21 10:11:01
LINK/USD,23.104,23.131,11-06-21 10:10:51
LINK/USD,23.07,23.093,11-06-21 10:10:41
LINK/USD,23.07,23.093,11-06-21 10:10:31
LINK/USD,23.09,23.101,11-06-21 10:10:21
LINK/USD,23.09,23.109,11-06-21 10:10:11
LINK/USD,23.097,23.12,11-06-21 10:10:01
LINK/USD,23.092,23.116,11-06-21 10:09:51
LINK/USD,23.084,23.11,11-06-21 10:09:41
LINK/USD,23.092,23.117,11-06-21 10:09:31
LINK/USD,23.112,23.139,11-06-21 10:09:21
LINK/USD,23.122,23.154,11-06-21 10:09:11
LINK/USD,23.121,23.147,11-06-21 10:09:01
LINK/USD,23.13,23.159,11-06-21 10:08:51
LINK/USD,23.144,23.174,11-06-21 10:08:41
LINK/USD,23.141,23.174,11-06-21 10:08:31
LINK/USD,23.146,23.17,11-06-21 10:08:21
LINK/USD,23.147,23.181,11-06-21 10:08:11
LINK/USD,23.127,23.157,11-06-21 10:08:01
LINK/USD,23.132,23.162,11-06-21 10:07:51
LINK/USD,23.111,23.144,11-06-21 10:07:41
LINK/USD,23.102,23.134,11-06-21 10:07:31
LINK/USD,23.133,23.167,11-06-21 10:07:21
LINK/USD,23.148,23.177,11-06-21 10:07:11
LINK/USD,23.156,23.189,11-06-21 10:07:01
LINK/USD,23.145,23.184,11-06-21 10:06:51
LINK/USD,23.146,23.18,11-06-21 10:06:41
LINK/USD,23.135,23.162,11-06-21 10:06:31
LINK/USD,23.148,23.187,11-06-21 10:06:21
LINK/USD,23.143,23.175,11-06-21 10:06:11
LINK/USD,23.149,23.185,11-06-21 10:06:01
LINK/USD,23.134,23.175,11-06-21 10:05:51
LINK/USD,23.149,23.183,11-06-21 10:05:41
LINK/USD,23.159,23.195,11-06-21 10:05:31
LINK/USD,23.172,23.21,11-06-21 10:05:21
LINK/USD,23.183,23.216,11-06-21 10:05:11
LINK/USD,23.16,23.198,11-06-21 10:05:01
LINK/USD,23.151,23.188,11-06-21 10:04:51
LINK/USD,23.172,23.201,11-06-21 10:04:41
LINK/USD,23.118,23.15,11-06-21 10:04:31
LINK/USD,23.054,23.079,11-06-21 10:04:21
LINK/USD,23.027,23.053,11-06-21 10:04:11
LINK/USD,23.002,23.029,11-06-21 10:04:01
LINK/USD,23.01,23.039,11-06-21 10:03:51
LINK/USD,23.025,23.051,11-06-21 10:03:41
LINK/USD,23.03,23.056,11-06-21 10:03:31
LINK/USD,23.034,23.053,11-06-21 10:03:21
LINK/USD,23.03,23.054,11-06-21 10:03:11
LINK/USD,23.031,23.058,11-06-21 10:03:01
LINK/USD,23.023,23.051,11-06-21 10:02:51
LINK/USD,23.022,23.044,11-06-21 10:02:41
LINK/USD,23.014,23.035,11-06-21 10:02:31
LINK/USD,23.021,23.039,11-06-21 10:02:21
LINK/USD,23.028,23.047,11-06-21 10:02:11
LINK/USD,23.027,23.049,11-06-21 10:02:01
LINK/USD,23.026,23.043,11-06-21 10:01:51
LINK/USD,23.013,23.039,11-06-21 10:01:41
LINK/USD,23.013,23.043,11-06-21 10:01:31
LINK/USD,23.003,23.032,11-06-21 10:01:21
LINK/USD,22.97,22.988,11-06-21 10:01:11
LINK/USD,22.966,22.982,11-06-21 10:01:01
LINK/USD,22.968,22.984,11-06-21 10:00:51
LINK/USD,22.972,22.989,11-06-21 10:00:41
LINK/USD,22.972,22.993,11-06-21 10:00:31
LINK/USD,22.972,22.997,11-06-21 10:00:21
LINK/USD,22.957,22.981,11-06-21 10:00:11
LINK/USD,22.927,22.944,11-06-21 10:00:01
LINK/USD,22.921,22.942,11-06-21 09:59:51
LINK/USD,22.926,22.949,11-06-21 09:59:41
LINK/USD,22.926,22.951,11-06-21 09:59:31
LINK/USD,22.926,22.95,11-06-21 09:59:21
LINK/USD,22.934,22.962,11-06-21 09:59:11
LINK/USD,22.93,22.964,11-06-21 09:59:01
LINK/USD,22.918,22.942,11-06-21 09:58:51
LINK/USD,22.918,22.948,11-06-21 09:58:41
LINK/USD,22.918,22.951,11-06-21 09:58:31
LINK/USD,22.923,22.954,11-06-21 09:58:21
LINK/USD,22.923,22.955,11-06-21 09:58:11
LINK/USD,22.936,22.963,11-06-21 09:58:01
LINK/USD,22.932,22.962,11-06-21 09:57:51
LINK/USD,22.941,22.974,11-06-21 09:57:41
LINK/USD,22.948,22.983,11-06-21 09:57:31
LINK/USD,22.92,22.951,11-06-21 09:57:21
LINK/USD,22.901,22.937,11-06-21 09:57:11
LINK/USD,22.879,22.912,11-06-21 09:57:01
LINK/USD,22.887,22.912,11-06-21 09:56:51
LINK/USD,22.878,22.912,11-06-21 09:56:41
LINK/USD,22.877,22.912,11-06-21 09:56:31
LINK/USD,22.888,22.914,11-06-21 09:56:21
LINK/USD,22.907,22.939,11-06-21 09:56:11
LINK/USD,22.92,22.948,11-06-21 09:56:01
LINK/USD,22.92,22.951,11-06-21 09:55:51
LINK/USD,22.921,22.951,11-06-21 09:55:41
LINK/USD,22.92,22.953,11-06-21 09:55:31
LINK/USD,22.92,22.953,11-06-21 09:55:21
LINK/USD,22.942,22.971,11-06-21 09:55:11
LINK/USD,22.941,22.971,11-06-21 09:55:01
LINK/USD,22.941,22.971,11-06-21 09:54:51
LINK/USD,22.929,22.96,11-06-21 09:54:41
LINK/USD,22.939,22.971,11-06-21 09:54:31
LINK/USD,22.955,22.975,11-06-21 09:54:21
LINK/USD,22.88,22.914,11-06-21 09:54:11
LINK/USD,22.86,22.886,11-06-21 09:54:01
LINK/USD,22.878,22.903,11-06-21 09:53:51
LINK/USD,22.924,22.946,11-06-21 09:53:41
LINK/USD,22.917,22.936,11-06-21 09:53:31
LINK/USD,22.921,22.937,11-06-21 09:53:21
LINK/USD,22.916,22.935,11-06-21 09:53:11
LINK/USD,22.921,22.945,11-06-21 09:53:01
LINK/USD,22.928,22.952,11-06-21 09:52:51
LINK/USD,22.93,22.948,11-06-21 09:52:41
LINK/USD,22.937,22.956,11-06-21 09:52:31
LINK/USD,22.937,22.956,11-06-21 09:52:21
LINK/USD,22.937,22.956,11-06-21 09:52:11
LINK/USD,22.937,22.956,11-06-21 09:52:01
LINK/USD,22.941,22.962,11-06-21 09:51:51
LINK/USD,22.942,22.966,11-06-21 09:51:41
LINK/USD,22.942,22.963,11-06-21 09:51:31
LINK/USD,22.949,22.969,11-06-21 09:51:21
LINK/USD,22.949,22.978,11-06-21 09:51:11
LINK/USD,22.956,22.978,11-06-21 09:51:01
LINK/USD,22.963,22.986,11-06-21 09:50:51
LINK/USD,22.983,23.005,11-06-21 09:50:41
LINK/USD,22.991,23.008,11-06-21 09:50:31
LINK/USD,22.982,23.001,11-06-21 09:50:21
LINK/USD,22.983,23.002,11-06-21 09:50:11
LINK/USD,22.986,23.005,11-06-21 09:50:01
LINK/USD,22.986,23.006,11-06-21 09:49:51
LINK/USD,22.989,23.005,11-06-21 09:49:41
LINK/USD,22.99,23.01,11-06-21 09:49:31
LINK/USD,22.992,23.009,11-06-21 09:49:21
LINK/USD,22.994,23.011,11-06-21 09:49:11
LINK/USD,22.989,23.01,11-06-21 09:49:01
LINK/USD,22.99,23.01,11-06-21 09:48:51
LINK/USD,22.987,23.01,11-06-21 09:48:41
LINK/USD,22.975,23,11-06-21 09:48:31
LINK/USD,22.981,23,11-06-21 09:48:21
LINK/USD,22.99,23.01,11-06-21 09:48:11
LINK/USD,22.996,23.015,11-06-21 09:48:01
LINK/USD,22.991,23.01,11-06-21 09:47:51
LINK/USD,22.991,23.009,11-06-21 09:47:41
LINK/USD,22.996,23.016,11-06-21 09:47:31
LINK/USD,22.996,23.016,11-06-21 09:47:21
LINK/USD,23.002,23.021,11-06-21 09:47:11
LINK/USD,23.006,23.023,11-06-21 09:47:01
LINK/USD,22.998,23.023,11-06-21 09:46:51
LINK/USD,22.998,23.023,11-06-21 09:46:41
LINK/USD,23.009,23.031,11-06-21 09:46:31
LINK/USD,23.018,23.043,11-06-21 09:46:21
LINK/USD,23.018,23.044,11-06-21 09:46:11
LINK/USD,23.011,23.033,11-06-21 09:46:01
LINK/USD,23.009,23.034,11-06-21 09:45:51
LINK/USD,23.009,23.041,11-06-21 09:45:41
LINK/USD,23.018,23.047,11-06-21 09:45:31
LINK/USD,23.04,23.065,11-06-21 09:45:21
LINK/USD,23.051,23.077,11-06-21 09:45:11
LINK/USD,23.058,23.085,11-06-21 09:45:01
LINK/USD,23.047,23.079,11-06-21 09:44:51
LINK/USD,23.059,23.082,11-06-21 09:44:41
LINK/USD,23.066,23.09,11-06-21 09:44:31
LINK/USD,23.078,23.102,11-06-21 09:44:21
LINK/USD,23.075,23.093,11-06-21 09:44:11
LINK/USD,23.074,23.092,11-06-21 09:44:01
LINK/USD,23.074,23.095,11-06-21 09:43:51
LINK/USD,23.076,23.096,11-06-21 09:43:41
LINK/USD,23.072,23.098,11-06-21 09:43:31
LINK/USD,23.081,23.103,11-06-21 09:43:21
LINK/USD,23.067,23.091,11-06-21 09:43:11
LINK/USD,23.063,23.085,11-06-21 09:43:01
LINK/USD,23.073,23.097,11-06-21 09:42:51
LINK/USD,23.076,23.104,11-06-21 09:42:41
LINK/USD,23.053,23.087,11-06-21 09:42:31
LINK/USD,23.054,23.087,11-06-21 09:42:21
LINK/USD,23.066,23.094,11-06-21 09:42:11
LINK/USD,23.1,23.118,11-06-21 09:42:01
LINK/USD,23.101,23.125,11-06-21 09:41:51
LINK/USD,23.098,23.122,11-06-21 09:41:41
LINK/USD,23.107,23.13,11-06-21 09:41:31
LINK/USD,23.108,23.133,11-06-21 09:41:21
LINK/USD,23.124,23.152,11-06-21 09:41:11
LINK/USD,23.124,23.148,11-06-21 09:41:01
LINK/USD,23.132,23.167,11-06-21 09:40:51
LINK/USD,23.156,23.186,11-06-21 09:40:41
LINK/USD,23.164,23.191,11-06-21 09:40:31
LINK/USD,23.139,23.171,11-06-21 09:40:21
LINK/USD,23.118,23.153,11-06-21 09:40:11
LINK/USD,23.035,23.059,11-06-21 09:40:01
LINK/USD,23.04,23.065,11-06-21 09:39:51
LINK/USD,23.049,23.079,11-06-21 09:39:41
LINK/USD,23.045,23.07,11-06-21 09:39:31
LINK/USD,23.051,23.077,11-06-21 09:39:21
LINK/USD,23.037,23.064,11-06-21 09:39:11
LINK/USD,23.034,23.064,11-06-21 09:39:01
LINK/USD,23.047,23.076,11-06-21 09:38:51
LINK/USD,23.06,23.089,11-06-21 09:38:41
LINK/USD,23.061,23.09,11-06-21 09:38:31
LINK/USD,23.059,23.096,11-06-21 09:38:21
LINK/USD,23.064,23.09,11-06-21 09:38:11
LINK/USD,23.039,23.063,11-06-21 09:38:01
LINK/USD,23.03,23.05,11-06-21 09:37:51
LINK/USD,23.028,23.052,11-06-21 09:37:41
LINK/USD,23.022,23.042,11-06-21 09:37:31
LINK/USD,23.047,23.078,11-06-21 09:37:21
LINK/USD,23.04,23.068,11-06-21 09:37:11
LINK/USD,23.057,23.09,11-06-21 09:37:01
LINK/USD,23.066,23.097,11-06-21 09:36:51
LINK/USD,23.087,23.109,11-06-21 09:36:41
LINK/USD,23.087,23.115,11-06-21 09:36:31
LINK/USD,23.087,23.115,11-06-21 09:36:21
LINK/USD,23.087,23.115,11-06-21 09:36:11
LINK/USD,23.054,23.075,11-06-21 09:36:01
LINK/USD,23.051,23.073,11-06-21 09:35:51
LINK/USD,23.051,23.073,11-06-21 09:35:41
LINK/USD,23.052,23.076,11-06-21 09:35:31
LINK/USD,23.054,23.077,11-06-21 09:35:21
LINK/USD,23.062,23.081,11-06-21 09:35:11
LINK/USD,23.069,23.086,11-06-21 09:35:01
LINK/USD,23.065,23.083,11-06-21 09:34:51
LINK/USD,23.067,23.085,11-06-21 09:34:41
LINK/USD,23.062,23.09,11-06-21 09:34:31
LINK/USD,23.064,23.091,11-06-21 09:34:21
LINK/USD,23.05,23.079,11-06-21 09:34:11
LINK/USD,23.045,23.071,11-06-21 09:34:01
LINK/USD,23.061,23.084,11-06-21 09:33:50
LINK/USD,23.065,23.096,11-06-21 09:33:41
LINK/USD,23.072,23.103,11-06-21 09:33:31
LINK/USD,23.102,23.13,11-06-21 09:33:21
LINK/USD,23.107,23.141,11-06-21 09:33:11
LINK/USD,23.108,23.138,11-06-21 09:33:01
LINK/USD,23.075,23.1,11-06-21 09:32:51
LINK/USD,23.079,23.107,11-06-21 09:32:41
LINK/USD,23.091,23.119,11-06-21 09:32:31
LINK/USD,23.126,23.154,11-06-21 09:32:21
LINK/USD,23.119,23.149,11-06-21 09:32:11
LINK/USD,23.112,23.138,11-06-21 09:32:01
LINK/USD,23.135,23.163,11-06-21 09:31:51
LINK/USD,23.148,23.184,11-06-21 09:31:41
LINK/USD,23.128,23.158,11-06-21 09:31:31
LINK/USD,23.143,23.174,11-06-21 09:31:21
LINK/USD,23.159,23.192,11-06-21 09:31:11
LINK/USD,23.184,23.213,11-06-21 09:31:01
LINK/USD,23.171,23.206,11-06-21 09:30:51
LINK/USD,23.15,23.189,11-06-21 09:30:41
LINK/USD,23.19,23.221,11-06-21 09:30:31
LINK/USD,23.138,23.166,11-06-21 09:30:21
LINK/USD,23.137,23.166,11-06-21 09:30:11
LINK/USD,23.131,23.158,11-06-21 09:30:01
LINK/USD,23.117,23.149,11-06-21 09:29:51
LINK/USD,23.132,23.162,11-06-21 09:29:41
LINK/USD,23.132,23.166,11-06-21 09:29:31
LINK/USD,23.132,23.159,11-06-21 09:29:21
LINK/USD,23.112,23.142,11-06-21 09:29:11
LINK/USD,23.119,23.155,11-06-21 09:29:01
LINK/USD,23.119,23.154,11-06-21 09:28:51
LINK/USD,23.116,23.14,11-06-21 09:28:41
LINK/USD,23.091,23.118,11-06-21 09:28:31
LINK/USD,23.091,23.122,11-06-21 09:28:21
LINK/USD,23.093,23.121,11-06-21 09:28:11
LINK/USD,23.095,23.132,11-06-21 09:28:01
LINK/USD,23.097,23.123,11-06-21 09:27:51
LINK/USD,23.077,23.107,11-06-21 09:27:41
LINK/USD,23.06,23.088,11-06-21 09:27:31
LINK/USD,23.059,23.08,11-06-21 09:27:21
LINK/USD,23.057,23.083,11-06-21 09:27:11
LINK/USD,23.055,23.082,11-06-21 09:27:01
LINK/USD,23.06,23.088,11-06-21 09:26:51
LINK/USD,23.048,23.074,11-06-21 09:26:41
LINK/USD,23.042,23.064,11-06-21 09:26:31
LINK/USD,23.034,23.059,11-06-21 09:26:21
LINK/USD,23.034,23.064,11-06-21 09:26:11
LINK/USD,23.035,23.061,11-06-21 09:26:01
LINK/USD,23.024,23.05,11-06-21 09:25:51
LINK/USD,23.034,23.061,11-06-21 09:25:41
LINK/USD,23.027,23.05,11-06-21 09:25:31
LINK/USD,23.014,23.038,11-06-21 09:25:21
LINK/USD,23.014,23.038,11-06-21 09:25:11
LINK/USD,23.024,23.055,11-06-21 09:25:01
LINK/USD,23.002,23.029,11-06-21 09:24:51
LINK/USD,23.006,23.03,11-06-21 09:24:41
LINK/USD,22.994,23.014,11-06-21 09:24:31
LINK/USD,22.992,23.017,11-06-21 09:24:21
LINK/USD,22.989,23.017,11-06-21 09:24:11
LINK/USD,22.989,23.017,11-06-21 09:24:01
LINK/USD,23.012,23.032,11-06-21 09:23:51
LINK/USD,23.013,23.043,11-06-21 09:23:41
LINK/USD,23.024,23.051,11-06-21 09:23:31
LINK/USD,23.025,23.051,11-06-21 09:23:21
LINK/USD,23.024,23.062,11-06-21 09:23:11
LINK/USD,23.013,23.045,11-06-21 09:23:01
LINK/USD,22.964,22.992,11-06-21 09:22:51
LINK/USD,22.964,22.992,11-06-21 09:22:41
LINK/USD,22.939,22.968,11-06-21 09:22:31
LINK/USD,22.958,22.982,11-06-21 09:22:21
LINK/USD,22.958,22.986,11-06-21 09:22:11
LINK/USD,22.962,22.991,11-06-21 09:22:01
LINK/USD,22.929,22.958,11-06-21 09:21:51
LINK/USD,22.922,22.954,11-06-21 09:21:41
LINK/USD,22.924,22.955,11-06-21 09:21:31
LINK/USD,22.931,22.966,11-06-21 09:21:21
LINK/USD,22.925,22.95,11-06-21 09:21:11
LINK/USD,22.924,22.95,11-06-21 09:21:01
LINK/USD,22.933,22.954,11-06-21 09:20:51
LINK/USD,22.938,22.973,11-06-21 09:20:41
LINK/USD,22.938,22.968,11-06-21 09:20:31
LINK/USD,22.939,22.981,11-06-21 09:20:21
LINK/USD,23.011,23.042,11-06-21 09:20:11
LINK/USD,23.033,23.058,11-06-21 09:20:01
LINK/USD,23.044,23.076,11-06-21 09:19:51
LINK/USD,23.055,23.091,11-06-21 09:19:41
LINK/USD,23.049,23.087,11-06-21 09:19:31
LINK/USD,22.954,22.98,11-06-21 09:19:21
LINK/USD,22.954,22.991,11-06-21 09:19:11
LINK/USD,22.954,22.991,11-06-21 09:19:01
LINK/USD,22.954,22.991,11-06-21 09:18:51
LINK/USD,22.943,22.972,11-06-21 09:18:41
LINK/USD,23.004,23.026,11-06-21 09:18:31
LINK/USD,23.004,23.033,11-06-21 09:18:21
LINK/USD,23.008,23.039,11-06-21 09:18:11
LINK/USD,23.011,23.043,11-06-21 09:18:01
LINK/USD,23.02,23.054,11-06-21 09:17:51
LINK/USD,22.996,23.03,11-06-21 09:17:41
LINK/USD,22.998,23.035,11-06-21 09:17:31
LINK/USD,22.997,23.033,11-06-21 09:17:21
LINK/USD,22.958,22.985,11-06-21 09:17:11
LINK/USD,22.958,22.989,11-06-21 09:17:01
LINK/USD,22.968,22.997,11-06-21 09:16:51
LINK/USD,22.948,22.983,11-06-21 09:16:41
LINK/USD,22.948,22.977,11-06-21 09:16:31
LINK/USD,23.001,23.029,11-06-21 09:16:21
LINK/USD,23.007,23.035,11-06-21 09:16:11
LINK/USD,23.018,23.046,11-06-21 09:16:01
LINK/USD,23.026,23.054,11-06-21 09:15:51
LINK/USD,23.026,23.059,11-06-21 09:15:41
LINK/USD,23.041,23.079,11-06-21 09:15:31
LINK/USD,23.09,23.114,11-06-21 09:15:21
LINK/USD,23.092,23.122,11-06-21 09:15:11
LINK/USD,23.073,23.126,11-06-21 09:15:01
LINK/USD,23.032,23.046,11-06-21 09:14:51
LINK/USD,22.963,22.995,11-06-21 09:14:41
LINK/USD,22.91,22.945,11-06-21 09:14:31
LINK/USD,22.91,22.945,11-06-21 09:14:21
LINK/USD,22.967,22.999,11-06-21 09:14:11
LINK/USD,22.971,22.999,11-06-21 09:14:01
LINK/USD,22.967,22.99,11-06-21 09:13:51
LINK/USD,22.98,23.006,11-06-21 09:13:41
LINK/USD,22.975,23.005,11-06-21 09:13:31
LINK/USD,22.992,23.015,11-06-21 09:13:21
LINK/USD,23.002,23.034,11-06-21 09:13:11
LINK/USD,22.927,22.947,11-06-21 09:13:01
LINK/USD,22.922,22.949,11-06-21 09:12:51
LINK/USD,22.926,22.953,11-06-21 09:12:41
LINK/USD,22.926,22.955,11-06-21 09:12:31
LINK/USD,22.895,22.92,11-06-21 09:12:21
LINK/USD,22.903,22.937,11-06-21 09:12:11
LINK/USD,22.965,22.984,11-06-21 09:12:01
LINK/USD,22.957,22.995,11-06-21 09:11:51
LINK/USD,22.976,23.003,11-06-21 09:11:41
LINK/USD,22.949,22.973,11-06-21 09:11:31
LINK/USD,22.957,22.982,11-06-21 09:11:21
LINK/USD,22.953,22.978,11-06-21 09:11:11
LINK/USD,22.864,22.897,11-06-21 09:11:01
LINK/USD,22.857,22.887,11-06-21 09:10:51
LINK/USD,22.856,22.887,11-06-21 09:10:41
LINK/USD,22.867,22.898,11-06-21 09:10:31
LINK/USD,22.91,22.94,11-06-21 09:10:21
LINK/USD,22.911,22.945,11-06-21 09:10:11
LINK/USD,22.911,22.94,11-06-21 09:10:01
LINK/USD,22.91,22.94,11-06-21 09:09:51
LINK/USD,22.91,22.938,11-06-21 09:09:41
LINK/USD,22.916,22.947,11-06-21 09:09:31
LINK/USD,22.9,22.931,11-06-21 09:09:21
LINK/USD,22.9,22.932,11-06-21 09:09:11
LINK/USD,22.9,22.926,11-06-21 09:09:01
LINK/USD,22.933,22.962,11-06-21 09:08:51
LINK/USD,22.945,22.984,11-06-21 09:08:41
LINK/USD,22.93,22.97,11-06-21 09:08:31
LINK/USD,22.93,22.965,11-06-21 09:08:21
LINK/USD,22.823,22.854,11-06-21 09:08:11
LINK/USD,22.804,22.837,11-06-21 09:08:01
LINK/USD,22.851,22.877,11-06-21 09:07:51
LINK/USD,22.858,22.884,11-06-21 09:07:41
LINK/USD,22.859,22.89,11-06-21 09:07:31
LINK/USD,22.869,22.897,11-06-21 09:07:21
LINK/USD,22.889,22.905,11-06-21 09:07:11
LINK/USD,22.894,22.922,11-06-21 09:07:01
LINK/USD,22.9,22.922,11-06-21 09:06:51
LINK/USD,22.874,22.893,11-06-21 09:06:41
LINK/USD,22.862,22.889,11-06-21 09:06:31
LINK/USD,22.868,22.892,11-06-21 09:06:21
LINK/USD,22.874,22.9,11-06-21 09:06:11
LINK/USD,22.834,22.859,11-06-21 09:06:01
LINK/USD,22.832,22.859,11-06-21 09:05:51
LINK/USD,22.836,22.857,11-06-21 09:05:41
LINK/USD,22.818,22.839,11-06-21 09:05:31
LINK/USD,22.816,22.839,11-06-21 09:05:21
LINK/USD,22.824,22.845,11-06-21 09:05:11
LINK/USD,22.833,22.849,11-06-21 09:05:01
LINK/USD,22.835,22.853,11-06-21 09:04:51
LINK/USD,22.837,22.854,11-06-21 09:04:41
LINK/USD,22.843,22.869,11-06-21 09:04:31
LINK/USD,22.852,22.867,11-06-21 09:04:21
LINK/USD,22.821,22.845,11-06-21 09:04:11
LINK/USD,22.801,22.824,11-06-21 09:04:01
LINK/USD,22.786,22.805,11-06-21 09:03:51
LINK/USD,22.769,22.797,11-06-21 09:03:41
LINK/USD,22.766,22.797,11-06-21 09:03:31
LINK/USD,22.766,22.793,11-06-21 09:03:21
LINK/USD,22.752,22.774,11-06-21 09:03:11
LINK/USD,22.745,22.769,11-06-21 09:03:01
LINK/USD,22.744,22.774,11-06-21 09:02:51
LINK/USD,22.744,22.774,11-06-21 09:02:41
LINK/USD,22.742,22.769,11-06-21 09:02:31
LINK/USD,22.778,22.811,11-06-21 09:02:21
LINK/USD,22.779,22.81,11-06-21 09:02:11
LINK/USD,22.798,22.827,11-06-21 09:02:01
LINK/USD,22.806,22.829,11-06-21 09:01:51
LINK/USD,22.806,22.825,11-06-21 09:01:41
LINK/USD,22.817,22.839,11-06-21 09:01:31
LINK/USD,22.819,22.839,11-06-21 09:01:21
LINK/USD,22.806,22.822,11-06-21 09:01:11
LINK/USD,22.798,22.819,11-06-21 09:01:01
LINK/USD,22.805,22.83,11-06-21 09:00:51
LINK/USD,22.804,22.834,11-06-21 09:00:41
LINK/USD,22.794,22.821,11-06-21 09:00:31
LINK/USD,22.766,22.792,11-06-21 09:00:21
LINK/USD,22.76,22.786,11-06-21 09:00:11
LINK/USD,22.731,22.756,11-06-21 09:00:01
LINK/USD,22.729,22.756,11-06-21 08:59:51
LINK/USD,22.729,22.756,11-06-21 08:59:41
LINK/USD,22.724,22.746,11-06-21 08:59:31
LINK/USD,22.712,22.742,11-06-21 08:59:21
LINK/USD,22.71,22.738,11-06-21 08:59:11
LINK/USD,22.735,22.756,11-06-21 08:59:01
LINK/USD,22.736,22.766,11-06-21 08:58:51
LINK/USD,22.738,22.77,11-06-21 08:58:41
LINK/USD,22.765,22.783,11-06-21 08:58:31
LINK/USD,22.77,22.784,11-06-21 08:58:21
LINK/USD,22.769,22.786,11-06-21 08:58:11
LINK/USD,22.765,22.784,11-06-21 08:58:01
LINK/USD,22.765,22.785,11-06-21 08:57:51
LINK/USD,22.765,22.79,11-06-21 08:57:41
LINK/USD,22.765,22.781,11-06-21 08:57:31
LINK/USD,22.766,22.782,11-06-21 08:57:21
LINK/USD,22.762,22.779,11-06-21 08:57:11
LINK/USD,22.753,22.782,11-06-21 08:57:01
LINK/USD,22.749,22.782,11-06-21 08:56:51
LINK/USD,22.756,22.784,11-06-21 08:56:41
LINK/USD,22.738,22.765,11-06-21 08:56:31
LINK/USD,22.734,22.759,11-06-21 08:56:21
LINK/USD,22.739,22.766,11-06-21 08:56:11
LINK/USD,22.745,22.771,11-06-21 08:56:01
LINK/USD,22.74,22.766,11-06-21 08:55:51
LINK/USD,22.74,22.766,11-06-21 08:55:41
LINK/USD,22.726,22.757,11-06-21 08:55:31
LINK/USD,22.743,22.766,11-06-21 08:55:21
LINK/USD,22.737,22.759,11-06-21 08:55:11
LINK/USD,22.73,22.754,11-06-21 08:55:01
LINK/USD,22.729,22.754,11-06-21 08:54:51
LINK/USD,22.729,22.754,11-06-21 08:54:41
LINK/USD,22.74,22.768,11-06-21 08:54:31
LINK/USD,22.747,22.771,11-06-21 08:54:21
LINK/USD,22.746,22.77,11-06-21 08:54:11
LINK/USD,22.747,22.774,11-06-21 08:54:01
LINK/USD,22.748,22.78,11-06-21 08:53:51
LINK/USD,22.749,22.776,11-06-21 08:53:41
LINK/USD,22.743,22.769,11-06-21 08:53:31
LINK/USD,22.73,22.757,11-06-21 08:53:21
LINK/USD,22.729,22.755,11-06-21 08:53:11
LINK/USD,22.73,22.752,11-06-21 08:53:01
LINK/USD,22.73,22.752,11-06-21 08:52:51
LINK/USD,22.738,22.758,11-06-21 08:52:41
LINK/USD,22.737,22.754,11-06-21 08:52:31
LINK/USD,22.726,22.747,11-06-21 08:52:21
LINK/USD,22.724,22.748,11-06-21 08:52:11
LINK/USD,22.728,22.747,11-06-21 08:52:01
LINK/USD,22.762,22.786,11-06-21 08:51:51
LINK/USD,22.761,22.777,11-06-21 08:51:41
LINK/USD,22.751,22.767,11-06-21 08:51:31
LINK/USD,22.751,22.772,11-06-21 08:51:21
LINK/USD,22.748,22.775,11-06-21 08:51:11
LINK/USD,22.752,22.775,11-06-21 08:51:01
LINK/USD,22.737,22.76,11-06-21 08:50:51
LINK/USD,22.726,22.747,11-06-21 08:50:41
LINK/USD,22.728,22.754,11-06-21 08:50:31
LINK/USD,22.726,22.754,11-06-21 08:50:21
LINK/USD,22.736,22.757,11-06-21 08:50:11
LINK/USD,22.739,22.757,11-06-21 08:50:01
LINK/USD,22.737,22.753,11-06-21 08:49:51
LINK/USD,22.737,22.756,11-06-21 08:49:41
LINK/USD,22.741,22.767,11-06-21 08:49:31
LINK/USD,22.744,22.762,11-06-21 08:49:21
LINK/USD,22.733,22.754,11-06-21 08:49:11
LINK/USD,22.73,22.749,11-06-21 08:49:01
LINK/USD,22.726,22.744,11-06-21 08:48:51
LINK/USD,22.728,22.751,11-06-21 08:48:41
LINK/USD,22.728,22.751,11-06-21 08:48:31
LINK/USD,22.739,22.764,11-06-21 08:48:21
LINK/USD,22.741,22.767,11-06-21 08:48:11
LINK/USD,22.748,22.774,11-06-21 08:48:01
LINK/USD,22.773,22.788,11-06-21 08:47:51
LINK/USD,22.757,22.778,11-06-21 08:47:41
LINK/USD,22.749,22.769,11-06-21 08:47:31
LINK/USD,22.745,22.767,11-06-21 08:47:21
LINK/USD,22.738,22.763,11-06-21 08:47:11
LINK/USD,22.738,22.762,11-06-21 08:47:01
LINK/USD,22.758,22.777,11-06-21 08:46:51
LINK/USD,22.753,22.775,11-06-21 08:46:41
LINK/USD,22.741,22.767,11-06-21 08:46:31
LINK/USD,22.737,22.764,11-06-21 08:46:21
LINK/USD,22.73,22.762,11-06-21 08:46:11
LINK/USD,22.73,22.756,11-06-21 08:46:01
LINK/USD,22.707,22.731,11-06-21 08:45:51
LINK/USD,22.697,22.725,11-06-21 08:45:41
LINK/USD,22.694,22.725,11-06-21 08:45:31
LINK/USD,22.695,22.725,11-06-21 08:45:21
LINK/USD,22.683,22.709,11-06-21 08:45:11
LINK/USD,22.701,22.729,11-06-21 08:45:01
LINK/USD,22.692,22.723,11-06-21 08:44:51
LINK/USD,22.702,22.728,11-06-21 08:44:41
LINK/USD,22.711,22.736,11-06-21 08:44:31
LINK/USD,22.705,22.73,11-06-21 08:44:21
LINK/USD,22.715,22.745,11-06-21 08:44:11
LINK/USD,22.712,22.743,11-06-21 08:44:01
LINK/USD,22.714,22.743,11-06-21 08:43:51
LINK/USD,22.69,22.723,11-06-21 08:43:41
LINK/USD,22.696,22.73,11-06-21 08:43:31
LINK/USD,22.7,22.717,11-06-21 08:43:21
LINK/USD,22.709,22.733,11-06-21 08:43:11
LINK/USD,22.749,22.778,11-06-21 08:43:01
LINK/USD,22.737,22.759,11-06-21 08:42:51
LINK/USD,22.746,22.77,11-06-21 08:42:41
LINK/USD,22.746,22.773,11-06-21 08:42:31
LINK/USD,22.746,22.776,11-06-21 08:42:21
LINK/USD,22.755,22.784,11-06-21 08:42:11
LINK/USD,22.761,22.794,11-06-21 08:42:01
LINK/USD,22.738,22.773,11-06-21 08:41:51
LINK/USD,22.739,22.773,11-06-21 08:41:41
LINK/USD,22.729,22.767,11-06-21 08:41:31
LINK/USD,22.732,22.768,11-06-21 08:41:21
LINK/USD,22.743,22.78,11-06-21 08:41:11
LINK/USD,22.75,22.781,11-06-21 08:41:01
LINK/USD,22.737,22.772,11-06-21 08:40:51
LINK/USD,22.73,22.767,11-06-21 08:40:41
LINK/USD,22.776,22.809,11-06-21 08:40:31
LINK/USD,22.756,22.788,11-06-21 08:40:21
LINK/USD,22.737,22.767,11-06-21 08:40:11
LINK/USD,22.737,22.765,11-06-21 08:40:01
LINK/USD,22.767,22.808,11-06-21 08:39:51
LINK/USD,22.793,22.823,11-06-21 08:39:41
LINK/USD,22.796,22.843,11-06-21 08:39:31
LINK/USD,22.838,22.871,11-06-21 08:39:21
LINK/USD,22.792,22.814,11-06-21 08:39:11
LINK/USD,22.777,22.803,11-06-21 08:39:01
LINK/USD,22.785,22.813,11-06-21 08:38:51
LINK/USD,22.781,22.805,11-06-21 08:38:41
LINK/USD,22.804,22.835,11-06-21 08:38:31
LINK/USD,22.8,22.818,11-06-21 08:38:21
LINK/USD,22.838,22.873,11-06-21 08:38:11
LINK/USD,22.838,22.873,11-06-21 08:38:01
LINK/USD,22.848,22.885,11-06-21 08:37:51
LINK/USD,22.86,22.896,11-06-21 08:37:41
LINK/USD,22.883,22.918,11-06-21 08:37:31
LINK/USD,22.836,22.866,11-06-21 08:37:21
LINK/USD,22.811,22.842,11-06-21 08:37:11
LINK/USD,22.801,22.84,11-06-21 08:37:01
LINK/USD,22.809,22.842,11-06-21 08:36:51
LINK/USD,22.789,22.828,11-06-21 08:36:41
LINK/USD,22.799,22.834,11-06-21 08:36:31
LINK/USD,22.807,22.84,11-06-21 08:36:21
LINK/USD,22.814,22.846,11-06-21 08:36:11
LINK/USD,22.852,22.889,11-06-21 08:36:01
LINK/USD,22.862,22.896,11-06-21 08:35:51
LINK/USD,22.871,22.91,11-06-21 08:35:41
LINK/USD,22.9,22.926,11-06-21 08:35:31
LINK/USD,22.911,22.949,11-06-21 08:35:21
LINK/USD,22.838,22.855,11-06-21 08:35:11
LINK/USD,22.813,22.833,11-06-21 08:35:01
LINK/USD,22.789,22.813,11-06-21 08:34:51
LINK/USD,22.789,22.817,11-06-21 08:34:41
LINK/USD,22.792,22.819,11-06-21 08:34:31
LINK/USD,22.806,22.834,11-06-21 08:34:21
LINK/USD,22.812,22.845,11-06-21 08:34:11
LINK/USD,22.815,22.839,11-06-21 08:34:01
LINK/USD,22.805,22.839,11-06-21 08:33:51
LINK/USD,22.788,22.821,11-06-21 08:33:41
LINK/USD,22.818,22.847,11-06-21 08:33:31
LINK/USD,22.847,22.866,11-06-21 08:33:21
LINK/USD,22.858,22.89,11-06-21 08:33:11
LINK/USD,22.868,22.902,11-06-21 08:33:01
LINK/USD,22.856,22.882,11-06-21 08:32:51
LINK/USD,22.824,22.849,11-06-21 08:32:41
LINK/USD,22.864,22.889,11-06-21 08:32:31
LINK/USD,22.864,22.891,11-06-21 08:32:21
LINK/USD,22.864,22.895,11-06-21 08:32:11
LINK/USD,22.878,22.905,11-06-21 08:32:01
LINK/USD,22.875,22.893,11-06-21 08:31:51
LINK/USD,22.858,22.885,11-06-21 08:31:41
LINK/USD,22.846,22.88,11-06-21 08:31:31
LINK/USD,22.875,22.891,11-06-21 08:31:21
LINK/USD,22.919,22.954,11-06-21 08:31:11
LINK/USD,22.928,22.959,11-06-21 08:31:01
LINK/USD,22.938,22.97,11-06-21 08:30:51
LINK/USD,22.949,22.971,11-06-21 08:30:41
LINK/USD,22.942,22.967,11-06-21 08:30:31
LINK/USD,22.951,22.981,11-06-21 08:30:21
LINK/USD,22.96,22.989,11-06-21 08:30:11
LINK/USD,22.929,22.954,11-06-21 08:30:01
LINK/USD,22.92,22.951,11-06-21 08:29:51
LINK/USD,22.934,22.963,11-06-21 08:29:41
LINK/USD,22.967,23.001,11-06-21 08:29:31
LINK/USD,22.958,22.992,11-06-21 08:29:21
LINK/USD,22.928,22.963,11-06-21 08:29:11
LINK/USD,22.938,22.968,11-06-21 08:29:01
LINK/USD,22.952,22.982,11-06-21 08:28:51
LINK/USD,22.961,22.991,11-06-21 08:28:41
LINK/USD,22.972,23,11-06-21 08:28:31
LINK/USD,22.971,23,11-06-21 08:28:21
LINK/USD,22.966,22.994,11-06-21 08:28:11
LINK/USD,22.954,22.982,11-06-21 08:28:01
LINK/USD,22.954,22.983,11-06-21 08:27:51
LINK/USD,22.958,22.992,11-06-21 08:27:41
LINK/USD,22.981,23.02,11-06-21 08:27:31
LINK/USD,22.98,23.013,11-06-21 08:27:21
LINK/USD,22.991,23.03,11-06-21 08:27:11
LINK/USD,22.941,22.975,11-06-21 08:27:01
LINK/USD,22.93,22.967,11-06-21 08:26:51
LINK/USD,22.946,22.985,11-06-21 08:26:41
LINK/USD,22.898,22.939,11-06-21 08:26:31
LINK/USD,22.939,22.975,11-06-21 08:26:21
LINK/USD,22.941,22.976,11-06-21 08:26:11
LINK/USD,22.933,22.967,11-06-21 08:26:01
LINK/USD,22.926,22.958,11-06-21 08:25:51
LINK/USD,22.911,22.949,11-06-21 08:25:41
LINK/USD,22.932,22.962,11-06-21 08:25:31
LINK/USD,22.906,22.942,11-06-21 08:25:21
LINK/USD,22.911,22.944,11-06-21 08:25:11
LINK/USD,22.921,22.956,11-06-21 08:25:01
LINK/USD,22.915,22.947,11-06-21 08:24:51
LINK/USD,22.867,22.894,11-06-21 08:24:41
LINK/USD,22.868,22.896,11-06-21 08:24:31
LINK/USD,22.872,22.896,11-06-21 08:24:21
LINK/USD,22.854,22.875,11-06-21 08:24:11
LINK/USD,22.86,22.875,11-06-21 08:24:01
LINK/USD,22.853,22.873,11-06-21 08:23:51
LINK/USD,22.853,22.877,11-06-21 08:23:41
LINK/USD,22.852,22.874,11-06-21 08:23:31
LINK/USD,22.852,22.874,11-06-21 08:23:21
LINK/USD,22.866,22.883,11-06-21 08:23:11
LINK/USD,22.858,22.882,11-06-21 08:23:01
LINK/USD,22.861,22.881,11-06-21 08:22:51
LINK/USD,22.85,22.869,11-06-21 08:22:41
LINK/USD,22.85,22.873,11-06-21 08:22:31
LINK/USD,22.861,22.88,11-06-21 08:22:21
LINK/USD,22.842,22.858,11-06-21 08:22:11
LINK/USD,22.842,22.859,11-06-21 08:22:01
LINK/USD,22.842,22.861,11-06-21 08:21:51
LINK/USD,22.842,22.863,11-06-21 08:21:41
LINK/USD,22.849,22.867,11-06-21 08:21:31
LINK/USD,22.847,22.873,11-06-21 08:21:21
LINK/USD,22.847,22.871,11-06-21 08:21:11
LINK/USD,22.841,22.862,11-06-21 08:21:01
LINK/USD,22.833,22.853,11-06-21 08:20:51
LINK/USD,22.82,22.844,11-06-21 08:20:41
LINK/USD,22.808,22.841,11-06-21 08:20:31
LINK/USD,22.824,22.849,11-06-21 08:20:21
LINK/USD,22.831,22.861,11-06-21 08:20:11
LINK/USD,22.836,22.872,11-06-21 08:20:01
LINK/USD,22.837,22.856,11-06-21 08:19:51
LINK/USD,22.804,22.838,11-06-21 08:19:41
LINK/USD,22.792,22.824,11-06-21 08:19:31
LINK/USD,22.789,22.821,11-06-21 08:19:21
LINK/USD,22.784,22.814,11-06-21 08:19:11
LINK/USD,22.785,22.82,11-06-21 08:19:01
LINK/USD,22.78,22.813,11-06-21 08:18:51
LINK/USD,22.765,22.79,11-06-21 08:18:41
LINK/USD,22.794,22.819,11-06-21 08:18:31
LINK/USD,22.803,22.837,11-06-21 08:18:21
LINK/USD,22.802,22.836,11-06-21 08:18:11
LINK/USD,22.818,22.844,11-06-21 08:18:01
LINK/USD,22.829,22.868,11-06-21 08:17:51
LINK/USD,22.819,22.848,11-06-21 08:17:41
LINK/USD,22.817,22.848,11-06-21 08:17:31
LINK/USD,22.804,22.835,11-06-21 08:17:21
LINK/USD,22.817,22.848,11-06-21 08:17:11
LINK/USD,22.837,22.864,11-06-21 08:17:01
LINK/USD,22.868,22.898,11-06-21 08:16:51
LINK/USD,22.892,22.916,11-06-21 08:16:41
LINK/USD,22.884,22.905,11-06-21 08:16:31
LINK/USD,22.89,22.908,11-06-21 08:16:21
LINK/USD,22.884,22.904,11-06-21 08:16:11
LINK/USD,22.883,22.905,11-06-21 08:16:01
LINK/USD,22.889,22.907,11-06-21 08:15:51
LINK/USD,22.89,22.914,11-06-21 08:15:41
LINK/USD,22.895,22.922,11-06-21 08:15:31
LINK/USD,22.887,22.914,11-06-21 08:15:21
LINK/USD,22.878,22.907,11-06-21 08:15:11
LINK/USD,22.854,22.878,11-06-21 08:15:01
LINK/USD,22.844,22.861,11-06-21 08:14:51
LINK/USD,22.864,22.881,11-06-21 08:14:41
LINK/USD,22.873,22.885,11-06-21 08:14:31
LINK/USD,22.878,22.899,11-06-21 08:14:21
LINK/USD,22.88,22.907,11-06-21 08:14:11
LINK/USD,22.876,22.899,11-06-21 08:14:01
LINK/USD,22.903,22.925,11-06-21 08:13:51
LINK/USD,22.906,22.93,11-06-21 08:13:41
LINK/USD,22.916,22.939,11-06-21 08:13:31
LINK/USD,22.91,22.934,11-06-21 08:13:21
LINK/USD,22.902,22.928,11-06-21 08:13:11
LINK/USD,22.909,22.937,11-06-21 08:13:01
LINK/USD,22.908,22.937,11-06-21 08:12:51
LINK/USD,22.921,22.955,11-06-21 08:12:41
LINK/USD,22.921,22.955,11-06-21 08:12:31
LINK/USD,22.903,22.933,11-06-21 08:12:21
LINK/USD,22.895,22.925,11-06-21 08:12:11
LINK/USD,22.923,22.953,11-06-21 08:12:01
LINK/USD,22.934,22.96,11-06-21 08:11:51
LINK/USD,22.929,22.956,11-06-21 08:11:41
LINK/USD,22.924,22.959,11-06-21 08:11:31
LINK/USD,22.937,22.963,11-06-21 08:11:21
LINK/USD,22.953,22.977,11-06-21 08:11:11
LINK/USD,22.956,22.986,11-06-21 08:11:01
LINK/USD,22.956,22.984,11-06-21 08:10:51
LINK/USD,22.96,22.995,11-06-21 08:10:41
LINK/USD,22.963,22.995,11-06-21 08:10:31
LINK/USD,22.956,22.987,11-06-21 08:10:21
LINK/USD,22.956,22.984,11-06-21 08:10:11
LINK/USD,22.979,23.011,11-06-21 08:10:01
LINK/USD,22.98,23.016,11-06-21 08:09:51
LINK/USD,22.994,23.025,11-06-21 08:09:41
LINK/USD,22.998,23.027,11-06-21 08:09:31
LINK/USD,23.002,23.036,11-06-21 08:09:21
LINK/USD,22.994,23.026,11-06-21 08:09:11
LINK/USD,22.957,22.992,11-06-21 08:09:01
LINK/USD,22.977,23.008,11-06-21 08:08:51
LINK/USD,22.965,22.994,11-06-21 08:08:41
LINK/USD,22.961,22.99,11-06-21 08:08:31
LINK/USD,22.962,22.987,11-06-21 08:08:21
LINK/USD,22.957,22.987,11-06-21 08:08:11
LINK/USD,22.958,22.987,11-06-21 08:08:01
LINK/USD,22.93,22.967,11-06-21 08:07:51
LINK/USD,22.952,22.988,11-06-21 08:07:41
LINK/USD,22.969,23,11-06-21 08:07:31
LINK/USD,22.968,22.997,11-06-21 08:07:21
LINK/USD,22.927,22.954,11-06-21 08:07:11
LINK/USD,22.932,22.958,11-06-21 08:07:01
LINK/USD,22.924,22.952,11-06-21 08:06:51
LINK/USD,22.924,22.954,11-06-21 08:06:41
LINK/USD,22.916,22.95,11-06-21 08:06:31
LINK/USD,22.913,22.947,11-06-21 08:06:21
LINK/USD,22.914,22.941,11-06-21 08:06:11
LINK/USD,22.934,22.962,11-06-21 08:06:01
LINK/USD,22.935,22.962,11-06-21 08:05:51
LINK/USD,22.946,22.972,11-06-21 08:05:41
LINK/USD,22.949,22.975,11-06-21 08:05:31
LINK/USD,22.929,22.965,11-06-21 08:05:21
LINK/USD,22.963,23,11-06-21 08:05:11
LINK/USD,22.951,22.982,11-06-21 08:05:01
LINK/USD,22.986,23.023,11-06-21 08:04:51
LINK/USD,22.996,23.022,11-06-21 08:04:41
LINK/USD,22.96,22.978,11-06-21 08:04:31
LINK/USD,22.921,22.957,11-06-21 08:04:21
LINK/USD,22.9,22.929,11-06-21 08:04:11
LINK/USD,22.906,22.929,11-06-21 08:04:01
LINK/USD,22.856,22.87,11-06-21 08:03:51
LINK/USD,22.843,22.873,11-06-21 08:03:41
LINK/USD,22.834,22.859,11-06-21 08:03:31
LINK/USD,22.835,22.847,11-06-21 08:03:21
LINK/USD,22.791,22.818,11-06-21 08:03:11
LINK/USD,22.776,22.805,11-06-21 08:03:01
LINK/USD,22.761,22.792,11-06-21 08:02:51
LINK/USD,22.776,22.813,11-06-21 08:02:41
LINK/USD,22.799,22.831,11-06-21 08:02:31
LINK/USD,22.806,22.833,11-06-21 08:02:21
LINK/USD,22.79,22.821,11-06-21 08:02:11
LINK/USD,22.829,22.867,11-06-21 08:02:01
LINK/USD,22.841,22.875,11-06-21 08:01:51
LINK/USD,22.829,22.871,11-06-21 08:01:41
LINK/USD,22.809,22.836,11-06-21 08:01:31
LINK/USD,22.779,22.816,11-06-21 08:01:21
LINK/USD,22.779,22.816,11-06-21 08:01:11
LINK/USD,22.777,22.812,11-06-21 08:01:01
LINK/USD,22.743,22.779,11-06-21 08:00:51
LINK/USD,22.743,22.781,11-06-21 08:00:41
LINK/USD,22.752,22.793,11-06-21 08:00:31
LINK/USD,22.758,22.795,11-06-21 08:00:21
LINK/USD,22.77,22.805,11-06-21 08:00:11
LINK/USD,22.758,22.795,11-06-21 08:00:01
LINK/USD,22.77,22.802,11-06-21 07:59:51
LINK/USD,22.743,22.778,11-06-21 07:59:41
LINK/USD,22.742,22.77,11-06-21 07:59:31
LINK/USD,22.755,22.788,11-06-21 07:59:21
LINK/USD,22.732,22.767,11-06-21 07:59:11
LINK/USD,22.743,22.761,11-06-21 07:59:01
LINK/USD,22.725,22.749,11-06-21 07:58:51
LINK/USD,22.719,22.745,11-06-21 07:58:41
LINK/USD,22.72,22.746,11-06-21 07:58:31
LINK/USD,22.707,22.722,11-06-21 07:58:21
LINK/USD,22.706,22.725,11-06-21 07:58:11
LINK/USD,22.703,22.721,11-06-21 07:58:01
LINK/USD,22.707,22.725,11-06-21 07:57:51
LINK/USD,22.705,22.726,11-06-21 07:57:41
LINK/USD,22.701,22.734,11-06-21 07:57:31
LINK/USD,22.702,22.733,11-06-21 07:57:21
LINK/USD,22.7,22.725,11-06-21 07:57:11
LINK/USD,22.678,22.711,11-06-21 07:57:01
LINK/USD,22.678,22.711,11-06-21 07:56:51
LINK/USD,22.683,22.711,11-06-21 07:56:41
LINK/USD,22.686,22.72,11-06-21 07:56:31
LINK/USD,22.685,22.719,11-06-21 07:56:21
LINK/USD,22.702,22.729,11-06-21 07:56:11
LINK/USD,22.702,22.734,11-06-21 07:56:01
LINK/USD,22.703,22.737,11-06-21 07:55:51
LINK/USD,22.702,22.733,11-06-21 07:55:41
LINK/USD,22.709,22.746,11-06-21 07:55:31
LINK/USD,22.695,22.734,11-06-21 07:55:21
LINK/USD,22.714,22.743,11-06-21 07:55:11
LINK/USD,22.735,22.763,11-06-21 07:55:01
LINK/USD,22.73,22.761,11-06-21 07:54:51
LINK/USD,22.698,22.731,11-06-21 07:54:41
LINK/USD,22.687,22.717,11-06-21 07:54:31
LINK/USD,22.683,22.709,11-06-21 07:54:21
LINK/USD,22.647,22.676,11-06-21 07:54:11
LINK/USD,22.647,22.686,11-06-21 07:54:01
LINK/USD,22.673,22.705,11-06-21 07:53:51
LINK/USD,22.673,22.705,11-06-21 07:53:41
LINK/USD,22.684,22.714,11-06-21 07:53:31
LINK/USD,22.699,22.737,11-06-21 07:53:21
LINK/USD,22.663,22.7,11-06-21 07:53:11
LINK/USD,22.661,22.691,11-06-21 07:53:01
LINK/USD,22.663,22.691,11-06-21 07:52:51
LINK/USD,22.642,22.67,11-06-21 07:52:41
LINK/USD,22.639,22.667,11-06-21 07:52:31
LINK/USD,22.639,22.667,11-06-21 07:52:21
LINK/USD,22.641,22.65,11-06-21 07:52:11
LINK/USD,22.644,22.656,11-06-21 07:52:01
LINK/USD,22.65,22.675,11-06-21 07:51:51
LINK/USD,22.616,22.65,11-06-21 07:51:41
LINK/USD,22.639,22.669,11-06-21 07:51:31
LINK/USD,22.65,22.677,11-06-21 07:51:21
LINK/USD,22.61,22.639,11-06-21 07:51:11
LINK/USD,22.636,22.666,11-06-21 07:51:01
LINK/USD,22.631,22.665,11-06-21 07:50:51
LINK/USD,22.641,22.666,11-06-21 07:50:41
LINK/USD,22.616,22.65,11-06-21 07:50:31
LINK/USD,22.618,22.654,11-06-21 07:50:21
LINK/USD,22.613,22.641,11-06-21 07:50:11
LINK/USD,22.582,22.613,11-06-21 07:50:01
LINK/USD,22.568,22.594,11-06-21 07:49:51
LINK/USD,22.603,22.633,11-06-21 07:49:41
LINK/USD,22.619,22.645,11-06-21 07:49:31
LINK/USD,22.603,22.635,11-06-21 07:49:21
LINK/USD,22.601,22.639,11-06-21 07:49:11
LINK/USD,22.62,22.644,11-06-21 07:49:01
LINK/USD,22.651,22.682,11-06-21 07:48:51
LINK/USD,22.655,22.692,11-06-21 07:48:41
LINK/USD,22.657,22.695,11-06-21 07:48:31
LINK/USD,22.658,22.687,11-06-21 07:48:21
LINK/USD,22.66,22.697,11-06-21 07:48:11
LINK/USD,22.679,22.714,11-06-21 07:48:01
LINK/USD,22.687,22.724,11-06-21 07:47:51
LINK/USD,22.72,22.752,11-06-21 07:47:41
LINK/USD,22.732,22.765,11-06-21 07:47:31
LINK/USD,22.756,22.782,11-06-21 07:47:21
LINK/USD,22.745,22.776,11-06-21 07:47:11
LINK/USD,22.681,22.698,11-06-21 07:47:01
LINK/USD,22.681,22.698,11-06-21 07:46:51
LINK/USD,22.679,22.698,11-06-21 07:46:41
LINK/USD,22.673,22.702,11-06-21 07:46:31
LINK/USD,22.672,22.7,11-06-21 07:46:21
LINK/USD,22.681,22.705,11-06-21 07:46:11
LINK/USD,22.688,22.719,11-06-21 07:46:01
LINK/USD,22.686,22.717,11-06-21 07:45:51
LINK/USD,22.704,22.733,11-06-21 07:45:41
LINK/USD,22.715,22.742,11-06-21 07:45:31
LINK/USD,22.725,22.753,11-06-21 07:45:21
LINK/USD,22.754,22.788,11-06-21 07:45:11
LINK/USD,22.727,22.765,11-06-21 07:45:01
LINK/USD,22.717,22.745,11-06-21 07:44:51
LINK/USD,22.697,22.731,11-06-21 07:44:41
LINK/USD,22.694,22.73,11-06-21 07:44:31
LINK/USD,22.694,22.73,11-06-21 07:44:21
LINK/USD,22.694,22.726,11-06-21 07:44:11
LINK/USD,22.715,22.745,11-06-21 07:44:01
LINK/USD,22.703,22.741,11-06-21 07:43:51
LINK/USD,22.722,22.752,11-06-21 07:43:41
LINK/USD,22.664,22.698,11-06-21 07:43:31
LINK/USD,22.664,22.696,11-06-21 07:43:21
LINK/USD,22.664,22.698,11-06-21 07:43:11
LINK/USD,22.632,22.665,11-06-21 07:43:01
LINK/USD,22.666,22.694,11-06-21 07:42:51
LINK/USD,22.684,22.71,11-06-21 07:42:41
LINK/USD,22.685,22.704,11-06-21 07:42:31
LINK/USD,22.685,22.711,11-06-21 07:42:21
LINK/USD,22.733,22.745,11-06-21 07:42:11
LINK/USD,22.743,22.77,11-06-21 07:42:01
LINK/USD,22.736,22.762,11-06-21 07:41:51
LINK/USD,22.736,22.768,11-06-21 07:41:41
LINK/USD,22.74,22.772,11-06-21 07:41:31
LINK/USD,22.74,22.772,11-06-21 07:41:21
LINK/USD,22.762,22.783,11-06-21 07:41:11
LINK/USD,22.762,22.791,11-06-21 07:41:01
LINK/USD,22.762,22.791,11-06-21 07:40:51
LINK/USD,22.759,22.791,11-06-21 07:40:41
LINK/USD,22.777,22.811,11-06-21 07:40:31
LINK/USD,22.786,22.814,11-06-21 07:40:21
LINK/USD,22.772,22.799,11-06-21 07:40:11
LINK/USD,22.775,22.804,11-06-21 07:40:01
LINK/USD,22.774,22.801,11-06-21 07:39:51
LINK/USD,22.779,22.803,11-06-21 07:39:41
LINK/USD,22.797,22.823,11-06-21 07:39:31
LINK/USD,22.789,22.819,11-06-21 07:39:21
LINK/USD,22.781,22.808,11-06-21 07:39:11
LINK/USD,22.778,22.798,11-06-21 07:39:01
LINK/USD,22.804,22.829,11-06-21 07:38:51
LINK/USD,22.809,22.825,11-06-21 07:38:41
LINK/USD,22.82,22.849,11-06-21 07:38:31
LINK/USD,22.811,22.839,11-06-21 07:38:21
LINK/USD,22.82,22.852,11-06-21 07:38:11
LINK/USD,22.851,22.873,11-06-21 07:38:01
LINK/USD,22.848,22.871,11-06-21 07:37:51
LINK/USD,22.84,22.866,11-06-21 07:37:41
LINK/USD,22.855,22.887,11-06-21 07:37:31
LINK/USD,22.844,22.874,11-06-21 07:37:21
LINK/USD,22.836,22.863,11-06-21 07:37:11
LINK/USD,22.842,22.874,11-06-21 07:37:01
LINK/USD,22.847,22.873,11-06-21 07:36:51
LINK/USD,22.843,22.877,11-06-21 07:36:41
LINK/USD,22.868,22.889,11-06-21 07:36:31
LINK/USD,22.859,22.89,11-06-21 07:36:21
LINK/USD,22.9,22.916,11-06-21 07:36:11
LINK/USD,22.911,22.935,11-06-21 07:36:01
LINK/USD,22.9,22.917,11-06-21 07:35:51
LINK/USD,22.912,22.94,11-06-21 07:35:41
LINK/USD,22.903,22.945,11-06-21 07:35:31
LINK/USD,22.901,22.934,11-06-21 07:35:21
LINK/USD,22.915,22.951,11-06-21 07:35:11
LINK/USD,22.9,22.935,11-06-21 07:35:01
LINK/USD,22.892,22.918,11-06-21 07:34:51
LINK/USD,22.884,22.911,11-06-21 07:34:41
LINK/USD,22.886,22.915,11-06-21 07:34:31
LINK/USD,22.868,22.895,11-06-21 07:34:21
LINK/USD,22.884,22.917,11-06-21 07:34:11
LINK/USD,22.868,22.893,11-06-21 07:34:01
LINK/USD,22.849,22.871,11-06-21 07:33:51
LINK/USD,22.842,22.87,11-06-21 07:33:41
LINK/USD,22.862,22.89,11-06-21 07:33:31
LINK/USD,22.832,22.859,11-06-21 07:33:21
LINK/USD,22.836,22.863,11-06-21 07:33:11
LINK/USD,22.845,22.882,11-06-21 07:33:01
LINK/USD,22.835,22.865,11-06-21 07:32:51
LINK/USD,22.832,22.867,11-06-21 07:32:41
LINK/USD,22.81,22.842,11-06-21 07:32:31
LINK/USD,22.816,22.856,11-06-21 07:32:21
LINK/USD,22.778,22.794,11-06-21 07:32:11
LINK/USD,22.732,22.765,11-06-21 07:32:01
LINK/USD,22.744,22.767,11-06-21 07:31:51
LINK/USD,22.709,22.736,11-06-21 07:31:41
LINK/USD,22.701,22.728,11-06-21 07:31:31
LINK/USD,22.671,22.69,11-06-21 07:31:21
LINK/USD,22.658,22.682,11-06-21 07:31:11
LINK/USD,22.657,22.679,11-06-21 07:31:01
LINK/USD,22.658,22.681,11-06-21 07:30:51
LINK/USD,22.65,22.67,11-06-21 07:30:41
LINK/USD,22.646,22.666,11-06-21 07:30:31
LINK/USD,22.652,22.672,11-06-21 07:30:21
LINK/USD,22.65,22.672,11-06-21 07:30:11
LINK/USD,22.642,22.671,11-06-21 07:30:01
LINK/USD,22.642,22.671,11-06-21 07:29:51
LINK/USD,22.655,22.688,11-06-21 07:29:41
LINK/USD,22.655,22.688,11-06-21 07:29:31
LINK/USD,22.655,22.68,11-06-21 07:29:21
LINK/USD,22.644,22.676,11-06-21 07:29:11
LINK/USD,22.653,22.68,11-06-21 07:29:01
LINK/USD,22.653,22.683,11-06-21 07:28:51
LINK/USD,22.665,22.693,11-06-21 07:28:41
LINK/USD,22.649,22.684,11-06-21 07:28:31
LINK/USD,22.639,22.669,11-06-21 07:28:21
LINK/USD,22.639,22.666,11-06-21 07:28:11
LINK/USD,22.639,22.666,11-06-21 07:28:01
LINK/USD,22.633,22.662,11-06-21 07:27:51
LINK/USD,22.63,22.657,11-06-21 07:27:41
LINK/USD,22.631,22.661,11-06-21 07:27:31
LINK/USD,22.633,22.663,11-06-21 07:27:21
LINK/USD,22.641,22.672,11-06-21 07:27:11
LINK/USD,22.641,22.672,11-06-21 07:27:01
LINK/USD,22.635,22.668,11-06-21 07:26:51
LINK/USD,22.658,22.686,11-06-21 07:26:41
LINK/USD,22.642,22.675,11-06-21 07:26:31
LINK/USD,22.631,22.656,11-06-21 07:26:21
LINK/USD,22.631,22.657,11-06-21 07:26:11
LINK/USD,22.628,22.657,11-06-21 07:26:01
LINK/USD,22.616,22.641,11-06-21 07:25:51
LINK/USD,22.607,22.631,11-06-21 07:25:41
LINK/USD,22.607,22.631,11-06-21 07:25:31
LINK/USD,22.602,22.625,11-06-21 07:25:21
LINK/USD,22.601,22.622,11-06-21 07:25:11
LINK/USD,22.595,22.615,11-06-21 07:25:01
LINK/USD,22.59,22.612,11-06-21 07:24:51
LINK/USD,22.591,22.616,11-06-21 07:24:41
LINK/USD,22.602,22.626,11-06-21 07:24:31
LINK/USD,22.603,22.626,11-06-21 07:24:21
LINK/USD,22.601,22.626,11-06-21 07:24:11
LINK/USD,22.591,22.611,11-06-21 07:24:01
LINK/USD,22.6,22.625,11-06-21 07:23:51
LINK/USD,22.603,22.626,11-06-21 07:23:41
LINK/USD,22.587,22.61,11-06-21 07:23:31
LINK/USD,22.587,22.61,11-06-21 07:23:21
LINK/USD,22.598,22.62,11-06-21 07:23:11
LINK/USD,22.62,22.642,11-06-21 07:23:01
LINK/USD,22.62,22.642,11-06-21 07:22:51
LINK/USD,22.622,22.646,11-06-21 07:22:41
LINK/USD,22.622,22.646,11-06-21 07:22:31
LINK/USD,22.63,22.66,11-06-21 07:22:21
LINK/USD,22.63,22.659,11-06-21 07:22:11
LINK/USD,22.619,22.645,11-06-21 07:22:01
LINK/USD,22.619,22.645,11-06-21 07:21:51
LINK/USD,22.625,22.652,11-06-21 07:21:41
LINK/USD,22.608,22.641,11-06-21 07:21:31
LINK/USD,22.6,22.63,11-06-21 07:21:21
LINK/USD,22.608,22.636,11-06-21 07:21:11
LINK/USD,22.614,22.646,11-06-21 07:21:01
LINK/USD,22.622,22.651,11-06-21 07:20:51
LINK/USD,22.627,22.643,11-06-21 07:20:41
LINK/USD,22.637,22.663,11-06-21 07:20:31
LINK/USD,22.649,22.681,11-06-21 07:20:21
LINK/USD,22.649,22.672,11-06-21 07:20:11
LINK/USD,22.645,22.67,11-06-21 07:20:01
LINK/USD,22.636,22.659,11-06-21 07:19:51
LINK/USD,22.63,22.66,11-06-21 07:19:41
LINK/USD,22.625,22.655,11-06-21 07:19:31
LINK/USD,22.637,22.666,11-06-21 07:19:21
LINK/USD,22.645,22.672,11-06-21 07:19:11
LINK/USD,22.653,22.681,11-06-21 07:19:01
LINK/USD,22.651,22.679,11-06-21 07:18:51
LINK/USD,22.644,22.679,11-06-21 07:18:41
LINK/USD,22.652,22.672,11-06-21 07:18:31
LINK/USD,22.624,22.647,11-06-21 07:18:21
LINK/USD,22.604,22.629,11-06-21 07:18:11
LINK/USD,22.599,22.618,11-06-21 07:18:01
LINK/USD,22.583,22.603,11-06-21 07:17:51
LINK/USD,22.58,22.603,11-06-21 07:17:41
LINK/USD,22.572,22.599,11-06-21 07:17:31
LINK/USD,22.579,22.599,11-06-21 07:17:21
LINK/USD,22.591,22.615,11-06-21 07:17:11
LINK/USD,22.56,22.583,11-06-21 07:17:01
LINK/USD,22.565,22.585,11-06-21 07:16:51
LINK/USD,22.557,22.573,11-06-21 07:16:41
LINK/USD,22.552,22.569,11-06-21 07:16:31
LINK/USD,22.551,22.571,11-06-21 07:16:21
LINK/USD,22.551,22.577,11-06-21 07:16:11
LINK/USD,22.543,22.567,11-06-21 07:16:01
LINK/USD,22.543,22.567,11-06-21 07:15:51
LINK/USD,22.528,22.557,11-06-21 07:15:41
LINK/USD,22.516,22.534,11-06-21 07:15:31
LINK/USD,22.514,22.532,11-06-21 07:15:21
LINK/USD,22.515,22.534,11-06-21 07:15:11
LINK/USD,22.511,22.53,11-06-21 07:15:01
LINK/USD,22.511,22.533,11-06-21 07:14:51
LINK/USD,22.515,22.538,11-06-21 07:14:41
LINK/USD,22.508,22.528,11-06-21 07:14:31
LINK/USD,22.505,22.525,11-06-21 07:14:21
LINK/USD,22.503,22.521,11-06-21 07:14:11
LINK/USD,22.498,22.526,11-06-21 07:14:01
LINK/USD,22.505,22.529,11-06-21 07:13:51
LINK/USD,22.5,22.531,11-06-21 07:13:41
LINK/USD,22.52,22.55,11-06-21 07:13:31
LINK/USD,22.5,22.53,11-06-21 07:13:21
LINK/USD,22.494,22.519,11-06-21 07:13:11
LINK/USD,22.486,22.506,11-06-21 07:13:01
LINK/USD,22.486,22.512,11-06-21 07:12:51
LINK/USD,22.486,22.508,11-06-21 07:12:41
LINK/USD,22.494,22.52,11-06-21 07:12:31
LINK/USD,22.51,22.536,11-06-21 07:12:21
LINK/USD,22.503,22.522,11-06-21 07:12:11
LINK/USD,22.493,22.514,11-06-21 07:12:01
LINK/USD,22.493,22.52,11-06-21 07:11:51
LINK/USD,22.491,22.521,11-06-21 07:11:41
LINK/USD,22.488,22.516,11-06-21 07:11:31
LINK/USD,22.503,22.531,11-06-21 07:11:21
LINK/USD,22.514,22.538,11-06-21 07:11:11
LINK/USD,22.515,22.534,11-06-21 07:11:01
LINK/USD,22.521,22.534,11-06-21 07:10:51
LINK/USD,22.51,22.527,11-06-21 07:10:41
LINK/USD,22.51,22.529,11-06-21 07:10:31
LINK/USD,22.511,22.534,11-06-21 07:10:21
LINK/USD,22.509,22.536,11-06-21 07:10:11
LINK/USD,22.509,22.531,11-06-21 07:10:01
LINK/USD,22.511,22.537,11-06-21 07:09:51
LINK/USD,22.517,22.542,11-06-21 07:09:41
LINK/USD,22.516,22.547,11-06-21 07:09:31
LINK/USD,22.508,22.535,11-06-21 07:09:21
LINK/USD,22.492,22.52,11-06-21 07:09:11
LINK/USD,22.489,22.512,11-06-21 07:09:01
LINK/USD,22.486,22.506,11-06-21 07:08:51
LINK/USD,22.486,22.51,11-06-21 07:08:41
LINK/USD,22.486,22.504,11-06-21 07:08:31
LINK/USD,22.486,22.504,11-06-21 07:08:21
LINK/USD,22.5,22.526,11-06-21 07:08:11
LINK/USD,22.5,22.527,11-06-21 07:08:01
LINK/USD,22.509,22.527,11-06-21 07:07:51
LINK/USD,22.512,22.537,11-06-21 07:07:41
LINK/USD,22.512,22.535,11-06-21 07:07:31
LINK/USD,22.512,22.537,11-06-21 07:07:21
LINK/USD,22.503,22.535,11-06-21 07:07:11
LINK/USD,22.494,22.521,11-06-21 07:07:01
LINK/USD,22.497,22.524,11-06-21 07:06:51
LINK/USD,22.502,22.529,11-06-21 07:06:41
LINK/USD,22.503,22.529,11-06-21 07:06:31
LINK/USD,22.502,22.531,11-06-21 07:06:21
LINK/USD,22.514,22.547,11-06-21 07:06:11
LINK/USD,22.503,22.532,11-06-21 07:06:01
LINK/USD,22.496,22.526,11-06-21 07:05:51
LINK/USD,22.5,22.532,11-06-21 07:05:41
LINK/USD,22.501,22.537,11-06-21 07:05:31
LINK/USD,22.508,22.537,11-06-21 07:05:21
LINK/USD,22.546,22.574,11-06-21 07:05:11
LINK/USD,22.507,22.533,11-06-21 07:05:01
LINK/USD,22.513,22.536,11-06-21 07:04:51
LINK/USD,22.522,22.545,11-06-21 07:04:41
LINK/USD,22.553,22.575,11-06-21 07:04:31
LINK/USD,22.557,22.577,11-06-21 07:04:21
LINK/USD,22.559,22.587,11-06-21 07:04:11
LINK/USD,22.564,22.592,11-06-21 07:04:01
LINK/USD,22.583,22.609,11-06-21 07:03:51
LINK/USD,22.593,22.617,11-06-21 07:03:41
LINK/USD,22.616,22.639,11-06-21 07:03:31
LINK/USD,22.613,22.637,11-06-21 07:03:21
LINK/USD,22.607,22.634,11-06-21 07:03:11
LINK/USD,22.599,22.619,11-06-21 07:03:01
LINK/USD,22.594,22.614,11-06-21 07:02:51
LINK/USD,22.606,22.623,11-06-21 07:02:41
LINK/USD,22.603,22.621,11-06-21 07:02:31
LINK/USD,22.602,22.621,11-06-21 07:02:21
LINK/USD,22.606,22.633,11-06-21 07:02:11
LINK/USD,22.601,22.627,11-06-21 07:02:01
LINK/USD,22.589,22.617,11-06-21 07:01:51
LINK/USD,22.583,22.606,11-06-21 07:01:41
LINK/USD,22.583,22.609,11-06-21 07:01:31
LINK/USD,22.575,22.603,11-06-21 07:01:21
LINK/USD,22.574,22.597,11-06-21 07:01:11
LINK/USD,22.589,22.612,11-06-21 07:01:01
LINK/USD,22.587,22.608,11-06-21 07:00:51
LINK/USD,22.583,22.608,11-06-21 07:00:41
LINK/USD,22.582,22.616,11-06-21 07:00:31
LINK/USD,22.584,22.618,11-06-21 07:00:21
LINK/USD,22.589,22.621,11-06-21 07:00:11
LINK/USD,22.539,22.574,11-06-21 07:00:01
LINK/USD,22.56,22.6,11-06-21 06:59:51
LINK/USD,22.563,22.598,11-06-21 06:59:41
LINK/USD,22.567,22.6,11-06-21 06:59:31
LINK/USD,22.549,22.583,11-06-21 06:59:21
LINK/USD,22.549,22.579,11-06-21 06:59:11
LINK/USD,22.538,22.568,11-06-21 06:59:01
LINK/USD,22.523,22.549,11-06-21 06:58:51
LINK/USD,22.532,22.56,11-06-21 06:58:41
LINK/USD,22.532,22.57,11-06-21 06:58:31
LINK/USD,22.549,22.576,11-06-21 06:58:21
LINK/USD,22.525,22.554,11-06-21 06:58:11
LINK/USD,22.52,22.548,11-06-21 06:58:01
LINK/USD,22.548,22.573,11-06-21 06:57:51
LINK/USD,22.548,22.573,11-06-21 06:57:41
LINK/USD,22.586,22.613,11-06-21 06:57:31
LINK/USD,22.586,22.613,11-06-21 06:57:21
LINK/USD,22.601,22.62,11-06-21 06:57:11
LINK/USD,22.603,22.627,11-06-21 06:57:01
LINK/USD,22.617,22.637,11-06-21 06:56:51
LINK/USD,22.615,22.634,11-06-21 06:56:41
LINK/USD,22.615,22.637,11-06-21 06:56:31
LINK/USD,22.618,22.64,11-06-21 06:56:21
LINK/USD,22.615,22.633,11-06-21 06:56:11
LINK/USD,22.615,22.634,11-06-21 06:56:01
LINK/USD,22.615,22.637,11-06-21 06:55:51
LINK/USD,22.618,22.641,11-06-21 06:55:41
LINK/USD,22.601,22.628,11-06-21 06:55:31
LINK/USD,22.607,22.635,11-06-21 06:55:21
LINK/USD,22.617,22.642,11-06-21 06:55:11
LINK/USD,22.628,22.652,11-06-21 06:55:01
LINK/USD,22.637,22.658,11-06-21 06:54:51
LINK/USD,22.641,22.662,11-06-21 06:54:41
LINK/USD,22.644,22.666,11-06-21 06:54:31
LINK/USD,22.644,22.662,11-06-21 06:54:21
LINK/USD,22.636,22.655,11-06-21 06:54:11
LINK/USD,22.634,22.655,11-06-21 06:54:01
LINK/USD,22.636,22.657,11-06-21 06:53:51
LINK/USD,22.631,22.649,11-06-21 06:53:41
LINK/USD,22.629,22.649,11-06-21 06:53:31
LINK/USD,22.628,22.652,11-06-21 06:53:21
LINK/USD,22.623,22.648,11-06-21 06:53:11
LINK/USD,22.638,22.658,11-06-21 06:53:01
LINK/USD,22.63,22.65,11-06-21 06:52:51
LINK/USD,22.64,22.661,11-06-21 06:52:41
LINK/USD,22.633,22.66,11-06-21 06:52:31
LINK/USD,22.633,22.656,11-06-21 06:52:21
LINK/USD,22.646,22.669,11-06-21 06:52:11
LINK/USD,22.64,22.662,11-06-21 06:52:01
LINK/USD,22.645,22.665,11-06-21 06:51:51
LINK/USD,22.639,22.66,11-06-21 06:51:41
LINK/USD,22.644,22.668,11-06-21 06:51:31
LINK/USD,22.64,22.663,11-06-21 06:51:21
LINK/USD,22.634,22.654,11-06-21 06:51:11
LINK/USD,22.641,22.664,11-06-21 06:51:01
LINK/USD,22.639,22.663,11-06-21 06:50:51
LINK/USD,22.642,22.664,11-06-21 06:50:41
LINK/USD,22.63,22.649,11-06-21 06:50:31
LINK/USD,22.631,22.651,11-06-21 06:50:21
LINK/USD,22.629,22.65,11-06-21 06:50:11
LINK/USD,22.628,22.659,11-06-21 06:50:01
LINK/USD,22.635,22.662,11-06-21 06:49:51
LINK/USD,22.65,22.671,11-06-21 06:49:41
LINK/USD,22.65,22.677,11-06-21 06:49:31
LINK/USD,22.643,22.664,11-06-21 06:49:21
LINK/USD,22.631,22.653,11-06-21 06:49:11
LINK/USD,22.631,22.652,11-06-21 06:49:01
LINK/USD,22.629,22.657,11-06-21 06:48:51
LINK/USD,22.635,22.663,11-06-21 06:48:41
LINK/USD,22.629,22.655,11-06-21 06:48:31
LINK/USD,22.633,22.651,11-06-21 06:48:21
LINK/USD,22.639,22.661,11-06-21 06:48:11
LINK/USD,22.629,22.657,11-06-21 06:48:01
LINK/USD,22.63,22.661,11-06-21 06:47:51
LINK/USD,22.651,22.676,11-06-21 06:47:41
LINK/USD,22.651,22.686,11-06-21 06:47:31
LINK/USD,22.643,22.675,11-06-21 06:47:21
LINK/USD,22.635,22.67,11-06-21 06:47:11
LINK/USD,22.658,22.691,11-06-21 06:47:01
LINK/USD,22.679,22.712,11-06-21 06:46:51
LINK/USD,22.68,22.713,11-06-21 06:46:41
LINK/USD,22.68,22.714,11-06-21 06:46:31
LINK/USD,22.663,22.699,11-06-21 06:46:20
LINK/USD,22.663,22.698,11-06-21 06:46:11
LINK/USD,22.685,22.718,11-06-21 06:46:01
LINK/USD,22.693,22.723,11-06-21 06:45:51
LINK/USD,22.693,22.723,11-06-21 06:45:41
LINK/USD,22.683,22.717,11-06-21 06:45:31
LINK/USD,22.667,22.688,11-06-21 06:45:21
LINK/USD,22.658,22.682,11-06-21 06:45:11
LINK/USD,22.632,22.653,11-06-21 06:45:01
LINK/USD,22.633,22.651,11-06-21 06:44:51
LINK/USD,22.622,22.644,11-06-21 06:44:41
LINK/USD,22.62,22.634,11-06-21 06:44:31
LINK/USD,22.62,22.644,11-06-21 06:44:21
LINK/USD,22.62,22.647,11-06-21 06:44:11
LINK/USD,22.644,22.668,11-06-21 06:44:01
LINK/USD,22.651,22.678,11-06-21 06:43:51
LINK/USD,22.652,22.676,11-06-21 06:43:41
LINK/USD,22.668,22.698,11-06-21 06:43:31
LINK/USD,22.676,22.701,11-06-21 06:43:21
LINK/USD,22.681,22.709,11-06-21 06:43:11
LINK/USD,22.681,22.707,11-06-21 06:43:01
LINK/USD,22.689,22.719,11-06-21 06:42:51
LINK/USD,22.703,22.733,11-06-21 06:42:41
LINK/USD,22.694,22.72,11-06-21 06:42:31
LINK/USD,22.687,22.711,11-06-21 06:42:21
LINK/USD,22.68,22.711,11-06-21 06:42:11
LINK/USD,22.694,22.72,11-06-21 06:42:01
LINK/USD,22.686,22.712,11-06-21 06:41:51
LINK/USD,22.653,22.681,11-06-21 06:41:41
LINK/USD,22.652,22.682,11-06-21 06:41:31
LINK/USD,22.644,22.668,11-06-21 06:41:21
LINK/USD,22.644,22.668,11-06-21 06:41:11
LINK/USD,22.644,22.668,11-06-21 06:41:01
LINK/USD,22.644,22.668,11-06-21 06:40:51
LINK/USD,22.65,22.68,11-06-21 06:40:41
LINK/USD,22.656,22.684,11-06-21 06:40:31
LINK/USD,22.659,22.692,11-06-21 06:40:21
LINK/USD,22.658,22.682,11-06-21 06:40:11
LINK/USD,22.65,22.676,11-06-21 06:40:01
LINK/USD,22.677,22.695,11-06-21 06:39:51
LINK/USD,22.684,22.704,11-06-21 06:39:41
LINK/USD,22.688,22.706,11-06-21 06:39:31
LINK/USD,22.697,22.716,11-06-21 06:39:21
LINK/USD,22.701,22.716,11-06-21 06:39:11
LINK/USD,22.712,22.732,11-06-21 06:39:01
LINK/USD,22.712,22.732,11-06-21 06:38:51
LINK/USD,22.712,22.732,11-06-21 06:38:41
LINK/USD,22.714,22.74,11-06-21 06:38:31
LINK/USD,22.714,22.74,11-06-21 06:38:21
LINK/USD,22.72,22.74,11-06-21 06:38:11
LINK/USD,22.714,22.734,11-06-21 06:38:01
LINK/USD,22.715,22.737,11-06-21 06:37:51
LINK/USD,22.714,22.737,11-06-21 06:37:41
LINK/USD,22.714,22.736,11-06-21 06:37:31
LINK/USD,22.714,22.738,11-06-21 06:37:21
LINK/USD,22.714,22.74,11-06-21 06:37:11
LINK/USD,22.714,22.74,11-06-21 06:37:01
LINK/USD,22.72,22.742,11-06-21 06:36:51
LINK/USD,22.723,22.75,11-06-21 06:36:41
LINK/USD,22.722,22.746,11-06-21 06:36:31
LINK/USD,22.727,22.753,11-06-21 06:36:21
LINK/USD,22.714,22.735,11-06-21 06:36:11
LINK/USD,22.716,22.735,11-06-21 06:36:01
LINK/USD,22.733,22.753,11-06-21 06:35:51
LINK/USD,22.729,22.753,11-06-21 06:35:41
LINK/USD,22.734,22.758,11-06-21 06:35:31
LINK/USD,22.728,22.758,11-06-21 06:35:21
LINK/USD,22.728,22.758,11-06-21 06:35:11
LINK/USD,22.727,22.752,11-06-21 06:35:01
LINK/USD,22.719,22.745,11-06-21 06:34:51
LINK/USD,22.719,22.745,11-06-21 06:34:41
LINK/USD,22.719,22.745,11-06-21 06:34:31
LINK/USD,22.723,22.751,11-06-21 06:34:21
LINK/USD,22.733,22.757,11-06-21 06:34:11
LINK/USD,22.747,22.768,11-06-21 06:34:01
LINK/USD,22.744,22.766,11-06-21 06:33:51
LINK/USD,22.745,22.764,11-06-21 06:33:41
LINK/USD,22.74,22.758,11-06-21 06:33:31
LINK/USD,22.738,22.76,11-06-21 06:33:21
LINK/USD,22.733,22.754,11-06-21 06:33:11
LINK/USD,22.738,22.762,11-06-21 06:33:01
LINK/USD,22.738,22.761,11-06-21 06:32:51
LINK/USD,22.745,22.758,11-06-21 06:32:41
LINK/USD,22.722,22.737,11-06-21 06:32:31
LINK/USD,22.721,22.741,11-06-21 06:32:21
LINK/USD,22.721,22.738,11-06-21 06:32:11
LINK/USD,22.72,22.739,11-06-21 06:32:01
LINK/USD,22.721,22.74,11-06-21 06:31:51
LINK/USD,22.719,22.738,11-06-21 06:31:41
LINK/USD,22.723,22.744,11-06-21 06:31:31
LINK/USD,22.719,22.737,11-06-21 06:31:21
LINK/USD,22.718,22.734,11-06-21 06:31:11
LINK/USD,22.718,22.735,11-06-21 06:31:01
LINK/USD,22.713,22.736,11-06-21 06:30:51
LINK/USD,22.713,22.736,11-06-21 06:30:41
LINK/USD,22.706,22.734,11-06-21 06:30:31
LINK/USD,22.686,22.706,11-06-21 06:30:21
LINK/USD,22.685,22.706,11-06-21 06:30:11
LINK/USD,22.686,22.712,11-06-21 06:30:01
LINK/USD,22.691,22.713,11-06-21 06:29:51
LINK/USD,22.705,22.727,11-06-21 06:29:41
LINK/USD,22.705,22.73,11-06-21 06:29:31
LINK/USD,22.705,22.73,11-06-21 06:29:21
LINK/USD,22.705,22.73,11-06-21 06:29:11
LINK/USD,22.719,22.744,11-06-21 06:29:01
LINK/USD,22.715,22.737,11-06-21 06:28:51
LINK/USD,22.712,22.738,11-06-21 06:28:41
LINK/USD,22.711,22.738,11-06-21 06:28:31
LINK/USD,22.711,22.738,11-06-21 06:28:21
LINK/USD,22.693,22.714,11-06-21 06:28:11
LINK/USD,22.69,22.714,11-06-21 06:28:01
LINK/USD,22.684,22.714,11-06-21 06:27:51
LINK/USD,22.687,22.709,11-06-21 06:27:41
LINK/USD,22.703,22.725,11-06-21 06:27:31
LINK/USD,22.704,22.731,11-06-21 06:27:21
LINK/USD,22.711,22.738,11-06-21 06:27:11
LINK/USD,22.711,22.739,11-06-21 06:27:01
LINK/USD,22.711,22.74,11-06-21 06:26:51
LINK/USD,22.714,22.74,11-06-21 06:26:41
LINK/USD,22.705,22.73,11-06-21 06:26:31
LINK/USD,22.71,22.74,11-06-21 06:26:21
LINK/USD,22.71,22.74,11-06-21 06:26:11
LINK/USD,22.728,22.756,11-06-21 06:26:01
LINK/USD,22.728,22.756,11-06-21 06:25:51
LINK/USD,22.72,22.751,11-06-21 06:25:41
LINK/USD,22.72,22.752,11-06-21 06:25:31
LINK/USD,22.719,22.744,11-06-21 06:25:21
LINK/USD,22.7,22.726,11-06-21 06:25:11
LINK/USD,22.693,22.726,11-06-21 06:25:01
LINK/USD,22.697,22.726,11-06-21 06:24:51
LINK/USD,22.714,22.738,11-06-21 06:24:41
LINK/USD,22.723,22.754,11-06-21 06:24:31
LINK/USD,22.727,22.759,11-06-21 06:24:21
LINK/USD,22.716,22.738,11-06-21 06:24:11
LINK/USD,22.692,22.719,11-06-21 06:24:01
LINK/USD,22.689,22.721,11-06-21 06:23:51
LINK/USD,22.691,22.72,11-06-21 06:23:41
LINK/USD,22.691,22.72,11-06-21 06:23:31
LINK/USD,22.675,22.708,11-06-21 06:23:21
LINK/USD,22.659,22.685,11-06-21 06:23:11
LINK/USD,22.71,22.732,11-06-21 06:23:01
LINK/USD,22.718,22.744,11-06-21 06:22:51
LINK/USD,22.718,22.746,11-06-21 06:22:41
LINK/USD,22.716,22.741,11-06-21 06:22:31
LINK/USD,22.713,22.743,11-06-21 06:22:21
LINK/USD,22.699,22.72,11-06-21 06:22:11
LINK/USD,22.7,22.722,11-06-21 06:22:01
LINK/USD,22.702,22.727,11-06-21 06:21:51
LINK/USD,22.703,22.725,11-06-21 06:21:41
LINK/USD,22.698,22.721,11-06-21 06:21:31
LINK/USD,22.711,22.732,11-06-21 06:21:21
LINK/USD,22.711,22.734,11-06-21 06:21:11
LINK/USD,22.706,22.729,11-06-21 06:21:01
LINK/USD,22.711,22.738,11-06-21 06:20:51
LINK/USD,22.719,22.746,11-06-21 06:20:41
LINK/USD,22.711,22.735,11-06-21 06:20:31
LINK/USD,22.696,22.721,11-06-21 06:20:21
LINK/USD,22.716,22.742,11-06-21 06:20:11
LINK/USD,22.746,22.768,11-06-21 06:20:01
LINK/USD,22.752,22.775,11-06-21 06:19:51
LINK/USD,22.752,22.778,11-06-21 06:19:41
LINK/USD,22.743,22.768,11-06-21 06:19:31
LINK/USD,22.771,22.788,11-06-21 06:19:21
LINK/USD,22.77,22.787,11-06-21 06:19:11
LINK/USD,22.771,22.79,11-06-21 06:19:01
LINK/USD,22.766,22.786,11-06-21 06:18:51
LINK/USD,22.764,22.784,11-06-21 06:18:41
LINK/USD,22.76,22.78,11-06-21 06:18:31
LINK/USD,22.757,22.783,11-06-21 06:18:21
LINK/USD,22.759,22.787,11-06-21 06:18:11
LINK/USD,22.758,22.785,11-06-21 06:18:01
LINK/USD,22.779,22.801,11-06-21 06:17:51
LINK/USD,22.765,22.8,11-06-21 06:17:41
LINK/USD,22.765,22.8,11-06-21 06:17:31
LINK/USD,22.765,22.799,11-06-21 06:17:21
LINK/USD,22.746,22.772,11-06-21 06:17:11
LINK/USD,22.734,22.766,11-06-21 06:17:01
LINK/USD,22.75,22.779,11-06-21 06:16:51
LINK/USD,22.765,22.776,11-06-21 06:16:41
LINK/USD,22.772,22.794,11-06-21 06:16:31
LINK/USD,22.778,22.803,11-06-21 06:16:21
LINK/USD,22.787,22.819,11-06-21 06:16:11
LINK/USD,22.81,22.84,11-06-21 06:16:01
LINK/USD,22.819,22.84,11-06-21 06:15:51
LINK/USD,22.844,22.871,11-06-21 06:15:41
LINK/USD,22.847,22.873,11-06-21 06:15:31
LINK/USD,22.847,22.868,11-06-21 06:15:21
LINK/USD,22.831,22.852,11-06-21 06:15:11
LINK/USD,22.839,22.858,11-06-21 06:15:01
LINK/USD,22.837,22.857,11-06-21 06:14:51
LINK/USD,22.84,22.861,11-06-21 06:14:41
LINK/USD,22.844,22.865,11-06-21 06:14:31
LINK/USD,22.845,22.867,11-06-21 06:14:21
LINK/USD,22.842,22.86,11-06-21 06:14:11
LINK/USD,22.842,22.861,11-06-21 06:14:01
LINK/USD,22.842,22.864,11-06-21 06:13:51
LINK/USD,22.841,22.866,11-06-21 06:13:41
LINK/USD,22.841,22.866,11-06-21 06:13:31
LINK/USD,22.85,22.871,11-06-21 06:13:21
LINK/USD,22.849,22.871,11-06-21 06:13:11
LINK/USD,22.85,22.871,11-06-21 06:13:01
LINK/USD,22.857,22.879,11-06-21 06:12:51
LINK/USD,22.857,22.877,11-06-21 06:12:41
LINK/USD,22.836,22.863,11-06-21 06:12:31
LINK/USD,22.836,22.863,11-06-21 06:12:21
LINK/USD,22.836,22.863,11-06-21 06:12:11
LINK/USD,22.853,22.873,11-06-21 06:12:01
LINK/USD,22.854,22.875,11-06-21 06:11:51
LINK/USD,22.86,22.881,11-06-21 06:11:41
LINK/USD,22.857,22.893,11-06-21 06:11:31
LINK/USD,22.853,22.892,11-06-21 06:11:21
LINK/USD,22.853,22.891,11-06-21 06:11:11
LINK/USD,22.853,22.885,11-06-21 06:11:01
LINK/USD,22.865,22.897,11-06-21 06:10:51
LINK/USD,22.877,22.916,11-06-21 06:10:41
LINK/USD,22.876,22.907,11-06-21 06:10:31
LINK/USD,22.879,22.914,11-06-21 06:10:21
LINK/USD,22.812,22.849,11-06-21 06:10:11
LINK/USD,22.791,22.823,11-06-21 06:10:01
LINK/USD,22.774,22.801,11-06-21 06:09:51
LINK/USD,22.818,22.849,11-06-21 06:09:41
LINK/USD,22.848,22.88,11-06-21 06:09:31
LINK/USD,22.878,22.909,11-06-21 06:09:21
LINK/USD,22.868,22.905,11-06-21 06:09:11
LINK/USD,22.868,22.898,11-06-21 06:09:01
LINK/USD,22.822,22.85,11-06-21 06:08:51
LINK/USD,22.817,22.85,11-06-21 06:08:41
LINK/USD,22.826,22.852,11-06-21 06:08:31
LINK/USD,22.826,22.859,11-06-21 06:08:21
LINK/USD,22.826,22.86,11-06-21 06:08:11
LINK/USD,22.844,22.87,11-06-21 06:08:01
LINK/USD,22.812,22.844,11-06-21 06:07:51
LINK/USD,22.804,22.828,11-06-21 06:07:41
LINK/USD,22.806,22.838,11-06-21 06:07:31
LINK/USD,22.824,22.852,11-06-21 06:07:21
LINK/USD,22.839,22.856,11-06-21 06:07:11
LINK/USD,22.841,22.869,11-06-21 06:07:01
LINK/USD,22.842,22.875,11-06-21 06:06:51
LINK/USD,22.836,22.859,11-06-21 06:06:41
LINK/USD,22.806,22.832,11-06-21 06:06:31
LINK/USD,22.802,22.83,11-06-21 06:06:21
LINK/USD,22.78,22.805,11-06-21 06:06:11
LINK/USD,22.762,22.793,11-06-21 06:06:01
LINK/USD,22.773,22.798,11-06-21 06:05:51
LINK/USD,22.788,22.809,11-06-21 06:05:41
LINK/USD,22.777,22.8,11-06-21 06:05:31
LINK/USD,22.786,22.808,11-06-21 06:05:21
LINK/USD,22.792,22.815,11-06-21 06:05:11
LINK/USD,22.783,22.811,11-06-21 06:05:01
LINK/USD,22.794,22.825,11-06-21 06:04:51
LINK/USD,22.791,22.817,11-06-21 06:04:41
LINK/USD,22.777,22.805,11-06-21 06:04:31
LINK/USD,22.78,22.81,11-06-21 06:04:21
LINK/USD,22.775,22.803,11-06-21 06:04:11
LINK/USD,22.76,22.783,11-06-21 06:04:01
LINK/USD,22.771,22.809,11-06-21 06:03:51
LINK/USD,22.753,22.781,11-06-21 06:03:41
LINK/USD,22.794,22.829,11-06-21 06:03:31
LINK/USD,22.773,22.809,11-06-21 06:03:21
LINK/USD,22.75,22.792,11-06-21 06:03:11
LINK/USD,22.776,22.805,11-06-21 06:03:01
LINK/USD,22.793,22.824,11-06-21 06:02:51
LINK/USD,22.79,22.823,11-06-21 06:02:41
LINK/USD,22.798,22.828,11-06-21 06:02:31
LINK/USD,22.802,22.833,11-06-21 06:02:21
LINK/USD,22.834,22.861,11-06-21 06:02:11
LINK/USD,22.854,22.881,11-06-21 06:02:01
LINK/USD,22.823,22.856,11-06-21 06:01:51
LINK/USD,22.906,22.911,11-06-21 06:01:41
LINK/USD,22.901,22.932,11-06-21 06:01:31
LINK/USD,22.909,22.94,11-06-21 06:01:21
LINK/USD,22.927,22.96,11-06-21 06:01:11
LINK/USD,22.927,22.963,11-06-21 06:01:01
LINK/USD,22.927,22.963,11-06-21 06:00:51
LINK/USD,22.927,22.96,11-06-21 06:00:41
LINK/USD,22.936,22.963,11-06-21 06:00:31
LINK/USD,22.936,22.963,11-06-21 06:00:21
LINK/USD,22.927,22.958,11-06-21 06:00:11
LINK/USD,22.898,22.928,11-06-21 06:00:01
LINK/USD,22.905,22.928,11-06-21 05:59:51
LINK/USD,22.915,22.944,11-06-21 05:59:41
LINK/USD,22.932,22.957,11-06-21 05:59:31
LINK/USD,22.932,22.958,11-06-21 05:59:21
LINK/USD,22.932,22.963,11-06-21 05:59:11
LINK/USD,22.949,22.973,11-06-21 05:59:01
LINK/USD,22.949,22.973,11-06-21 05:58:51
LINK/USD,22.956,22.975,11-06-21 05:58:41
LINK/USD,22.958,22.979,11-06-21 05:58:31
LINK/USD,22.958,22.983,11-06-21 05:58:21
LINK/USD,22.956,22.969,11-06-21 05:58:11
LINK/USD,22.95,22.969,11-06-21 05:58:01
LINK/USD,22.95,22.97,11-06-21 05:57:51
LINK/USD,22.952,22.968,11-06-21 05:57:41
LINK/USD,22.959,22.975,11-06-21 05:57:31
LINK/USD,22.961,22.978,11-06-21 05:57:21
LINK/USD,22.961,22.976,11-06-21 05:57:11
LINK/USD,22.95,22.967,11-06-21 05:57:01
LINK/USD,22.95,22.968,11-06-21 05:56:51
LINK/USD,22.955,22.97,11-06-21 05:56:41
LINK/USD,22.96,22.976,11-06-21 05:56:31
LINK/USD,22.952,22.976,11-06-21 05:56:21
LINK/USD,22.952,22.976,11-06-21 05:56:11
LINK/USD,22.969,22.984,11-06-21 05:56:01
LINK/USD,22.969,22.986,11-06-21 05:55:51
LINK/USD,22.969,22.986,11-06-21 05:55:41
LINK/USD,22.969,22.988,11-06-21 05:55:31
LINK/USD,22.964,22.98,11-06-21 05:55:21
LINK/USD,22.964,22.983,11-06-21 05:55:11
LINK/USD,22.964,22.977,11-06-21 05:55:01
LINK/USD,22.96,22.977,11-06-21 05:54:51
LINK/USD,22.96,22.977,11-06-21 05:54:41
LINK/USD,22.959,22.975,11-06-21 05:54:31
LINK/USD,22.96,22.976,11-06-21 05:54:21
LINK/USD,22.96,22.978,11-06-21 05:54:11
LINK/USD,22.957,22.977,11-06-21 05:54:01
LINK/USD,22.958,22.977,11-06-21 05:53:51
LINK/USD,22.954,22.974,11-06-21 05:53:41
LINK/USD,22.959,22.975,11-06-21 05:53:31
LINK/USD,22.953,22.973,11-06-21 05:53:21
LINK/USD,22.958,22.975,11-06-21 05:53:11
LINK/USD,22.959,22.98,11-06-21 05:53:01
LINK/USD,22.959,22.979,11-06-21 05:52:51
LINK/USD,22.959,22.983,11-06-21 05:52:41
LINK/USD,22.963,22.989,11-06-21 05:52:31
LINK/USD,22.966,22.989,11-06-21 05:52:21
LINK/USD,22.984,23.001,11-06-21 05:52:11
LINK/USD,22.983,22.999,11-06-21 05:52:01
LINK/USD,22.982,23.002,11-06-21 05:51:51
LINK/USD,22.982,23.005,11-06-21 05:51:41
LINK/USD,22.983,23.007,11-06-21 05:51:31
LINK/USD,22.968,22.989,11-06-21 05:51:21
LINK/USD,22.968,22.984,11-06-21 05:51:11
LINK/USD,22.958,22.977,11-06-21 05:51:01
LINK/USD,22.958,22.977,11-06-21 05:50:51
LINK/USD,22.958,22.983,11-06-21 05:50:41
LINK/USD,22.954,22.981,11-06-21 05:50:31
LINK/USD,22.97,22.992,11-06-21 05:50:21
LINK/USD,22.998,23.016,11-06-21 05:50:11
LINK/USD,22.997,23.018,11-06-21 05:50:01
LINK/USD,23,23.017,11-06-21 05:49:51
LINK/USD,23.005,23.023,11-06-21 05:49:41
LINK/USD,23.004,23.022,11-06-21 05:49:31
LINK/USD,23.007,23.028,11-06-21 05:49:21
LINK/USD,22.995,23.021,11-06-21 05:49:11
LINK/USD,22.995,23.019,11-06-21 05:49:01
LINK/USD,23.003,23.023,11-06-21 05:48:51
LINK/USD,23.013,23.031,11-06-21 05:48:41
LINK/USD,23.007,23.032,11-06-21 05:48:30
LINK/USD,22.993,23.025,11-06-21 05:48:21
LINK/USD,23,23.025,11-06-21 05:48:11
LINK/USD,22.993,23.022,11-06-21 05:48:01
LINK/USD,22.995,23.023,11-06-21 05:47:51
LINK/USD,23.017,23.04,11-06-21 05:47:41
LINK/USD,23.017,23.046,11-06-21 05:47:31
LINK/USD,23.017,23.043,11-06-21 05:47:21
LINK/USD,23.009,23.043,11-06-21 05:47:11
LINK/USD,23.033,23.062,11-06-21 05:47:01
LINK/USD,23.025,23.04,11-06-21 05:46:51
LINK/USD,23.038,23.07,11-06-21 05:46:41
LINK/USD,23.056,23.083,11-06-21 05:46:31
LINK/USD,23.054,23.083,11-06-21 05:46:21
LINK/USD,22.978,23.001,11-06-21 05:46:11
LINK/USD,22.994,23.012,11-06-21 05:46:01
LINK/USD,22.994,23.014,11-06-21 05:45:51
LINK/USD,22.987,23.004,11-06-21 05:45:41
LINK/USD,22.993,23.012,11-06-21 05:45:31
LINK/USD,22.985,23.005,11-06-21 05:45:21
LINK/USD,22.978,22.996,11-06-21 05:45:11
LINK/USD,22.953,22.977,11-06-21 05:45:01
LINK/USD,22.959,22.982,11-06-21 05:44:51
LINK/USD,22.96,22.985,11-06-21 05:44:41
LINK/USD,22.971,22.997,11-06-21 05:44:31
LINK/USD,22.978,23.004,11-06-21 05:44:21
LINK/USD,22.978,23.002,11-06-21 05:44:11
LINK/USD,23.005,23.023,11-06-21 05:44:01
LINK/USD,23.005,23.025,11-06-21 05:43:51
LINK/USD,22.999,23.013,11-06-21 05:43:41
LINK/USD,22.98,23.001,11-06-21 05:43:31
LINK/USD,22.965,22.986,11-06-21 05:43:21
LINK/USD,22.969,22.991,11-06-21 05:43:11
LINK/USD,22.969,22.991,11-06-21 05:43:01
LINK/USD,22.963,22.984,11-06-21 05:42:51
LINK/USD,22.974,22.996,11-06-21 05:42:41
LINK/USD,22.973,22.996,11-06-21 05:42:31
LINK/USD,22.962,22.99,11-06-21 05:42:21
LINK/USD,22.981,23,11-06-21 05:42:11
LINK/USD,22.994,23.01,11-06-21 05:42:01
LINK/USD,22.994,23.014,11-06-21 05:41:51
LINK/USD,23.006,23.016,11-06-21 05:41:41
LINK/USD,23.007,23.023,11-06-21 05:41:31
LINK/USD,23.008,23.027,11-06-21 05:41:21
LINK/USD,23.003,23.027,11-06-21 05:41:11
LINK/USD,23.024,23.037,11-06-21 05:41:01
LINK/USD,23.016,23.038,11-06-21 05:40:51
LINK/USD,23.016,23.041,11-06-21 05:40:41
LINK/USD,23.016,23.039,11-06-21 05:40:31
LINK/USD,23.017,23.039,11-06-21 05:40:21
LINK/USD,23.017,23.045,11-06-21 05:40:11
LINK/USD,23.011,23.039,11-06-21 05:40:01
LINK/USD,23.005,23.033,11-06-21 05:39:51
LINK/USD,22.99,23.024,11-06-21 05:39:41
LINK/USD,22.997,23.024,11-06-21 05:39:30
LINK/USD,23.016,23.042,11-06-21 05:39:21
LINK/USD,23.024,23.048,11-06-21 05:39:11
LINK/USD,23.025,23.048,11-06-21 05:39:01
LINK/USD,23.008,23.028,11-06-21 05:38:51
LINK/USD,23.002,23.031,11-06-21 05:38:41
LINK/USD,23.002,23.029,11-06-21 05:38:31
LINK/USD,23.002,23.018,11-06-21 05:38:21
LINK/USD,22.999,23.01,11-06-21 05:38:11
LINK/USD,22.994,23.013,11-06-21 05:38:01
LINK/USD,22.993,23.012,11-06-21 05:37:51
LINK/USD,22.994,23.007,11-06-21 05:37:41
LINK/USD,22.981,23,11-06-21 05:37:31
LINK/USD,22.984,23,11-06-21 05:37:21
LINK/USD,22.98,23,11-06-21 05:37:11
LINK/USD,22.98,22.997,11-06-21 05:37:01
LINK/USD,22.975,22.987,11-06-21 05:36:51
LINK/USD,22.975,22.993,11-06-21 05:36:41
LINK/USD,22.975,22.997,11-06-21 05:36:31
LINK/USD,22.972,22.991,11-06-21 05:36:21
LINK/USD,22.966,22.99,11-06-21 05:36:11
LINK/USD,22.965,22.99,11-06-21 05:36:01
LINK/USD,22.953,22.979,11-06-21 05:35:51
LINK/USD,22.944,22.968,11-06-21 05:35:41
LINK/USD,22.936,22.968,11-06-21 05:35:31
LINK/USD,22.944,22.971,11-06-21 05:35:21
LINK/USD,22.968,22.993,11-06-21 05:35:11
LINK/USD,22.95,22.974,11-06-21 05:35:01
LINK/USD,22.952,22.982,11-06-21 05:34:51
LINK/USD,22.952,22.978,11-06-21 05:34:41
LINK/USD,22.976,23.005,11-06-21 05:34:31
LINK/USD,22.993,23.018,11-06-21 05:34:21
LINK/USD,22.994,23.022,11-06-21 05:34:11
LINK/USD,22.993,23.014,11-06-21 05:34:01
LINK/USD,22.997,23.028,11-06-21 05:33:51
LINK/USD,22.997,23.029,11-06-21 05:33:41
LINK/USD,22.987,23.019,11-06-21 05:33:31
LINK/USD,22.971,23.005,11-06-21 05:33:21
LINK/USD,22.987,23.012,11-06-21 05:33:11
LINK/USD,22.999,23.033,11-06-21 05:33:01
LINK/USD,23.008,23.039,11-06-21 05:32:51
LINK/USD,22.989,23.014,11-06-21 05:32:41
LINK/USD,22.98,23.01,11-06-21 05:32:31
LINK/USD,22.981,23.01,11-06-21 05:32:21
LINK/USD,22.988,23.011,11-06-21 05:32:11
LINK/USD,22.982,23.009,11-06-21 05:32:01
LINK/USD,23.009,23.03,11-06-21 05:31:51
LINK/USD,23.013,23.033,11-06-21 05:31:41
LINK/USD,23.013,23.034,11-06-21 05:31:31
LINK/USD,23.022,23.044,11-06-21 05:31:21
LINK/USD,23.03,23.056,11-06-21 05:31:11
LINK/USD,23.036,23.056,11-06-21 05:31:01
LINK/USD,23.027,23.046,11-06-21 05:30:51
LINK/USD,23.017,23.035,11-06-21 05:30:41
LINK/USD,23.017,23.036,11-06-21 05:30:31
LINK/USD,23.022,23.042,11-06-21 05:30:21
LINK/USD,23.016,23.033,11-06-21 05:30:11
LINK/USD,23.016,23.031,11-06-21 05:30:01
LINK/USD,23.016,23.033,11-06-21 05:29:51
LINK/USD,23.016,23.033,11-06-21 05:29:41
LINK/USD,23.013,23.033,11-06-21 05:29:31
LINK/USD,23.01,23.03,11-06-21 05:29:21
LINK/USD,23.013,23.03,11-06-21 05:29:11
LINK/USD,23.016,23.034,11-06-21 05:29:01
LINK/USD,23.017,23.038,11-06-21 05:28:51
LINK/USD,23.017,23.039,11-06-21 05:28:41
LINK/USD,23.018,23.042,11-06-21 05:28:31
LINK/USD,23.024,23.046,11-06-21 05:28:21
LINK/USD,23.031,23.054,11-06-21 05:28:11
LINK/USD,23.021,23.039,11-06-21 05:28:01
LINK/USD,23.02,23.039,11-06-21 05:27:51
LINK/USD,23.017,23.036,11-06-21 05:27:41
LINK/USD,23.017,23.036,11-06-21 05:27:31
LINK/USD,23.016,23.033,11-06-21 05:27:21
LINK/USD,23.016,23.032,11-06-21 05:27:11
LINK/USD,23.025,23.041,11-06-21 05:27:01
LINK/USD,23.025,23.042,11-06-21 05:26:51
LINK/USD,23.015,23.032,11-06-21 05:26:41
LINK/USD,23.017,23.036,11-06-21 05:26:31
LINK/USD,23.014,23.032,11-06-21 05:26:21
LINK/USD,23.018,23.035,11-06-21 05:26:11
LINK/USD,23.018,23.034,11-06-21 05:26:01
LINK/USD,23.022,23.037,11-06-21 05:25:51
LINK/USD,23.02,23.038,11-06-21 05:25:41
LINK/USD,23.02,23.041,11-06-21 05:25:31
LINK/USD,23.021,23.045,11-06-21 05:25:21
LINK/USD,23.031,23.051,11-06-21 05:25:11
LINK/USD,23.026,23.047,11-06-21 05:25:01
LINK/USD,23.039,23.055,11-06-21 05:24:51
LINK/USD,23.04,23.053,11-06-21 05:24:41
LINK/USD,23.038,23.055,11-06-21 05:24:31
LINK/USD,23.038,23.057,11-06-21 05:24:21
LINK/USD,23.03,23.053,11-06-21 05:24:11
LINK/USD,23.029,23.047,11-06-21 05:24:01
LINK/USD,23.036,23.047,11-06-21 05:23:51
LINK/USD,23.027,23.049,11-06-21 05:23:41
LINK/USD,23.049,23.062,11-06-21 05:23:31
LINK/USD,23.054,23.065,11-06-21 05:23:21
LINK/USD,23.034,23.042,11-06-21 05:23:11
LINK/USD,23.019,23.037,11-06-21 05:23:01
LINK/USD,23.019,23.038,11-06-21 05:22:51
LINK/USD,23.019,23.039,11-06-21 05:22:41
LINK/USD,23.02,23.038,11-06-21 05:22:31
LINK/USD,23.03,23.048,11-06-21 05:22:21
LINK/USD,23.028,23.046,11-06-21 05:22:11
LINK/USD,23.028,23.046,11-06-21 05:22:01
LINK/USD,23.028,23.046,11-06-21 05:21:51
LINK/USD,23.029,23.051,11-06-21 05:21:41
LINK/USD,23.026,23.051,11-06-21 05:21:31
LINK/USD,23.03,23.053,11-06-21 05:21:21
LINK/USD,23.051,23.07,11-06-21 05:21:11
LINK/USD,23.054,23.073,11-06-21 05:21:01
LINK/USD,23.055,23.076,11-06-21 05:20:51
LINK/USD,23.052,23.072,11-06-21 05:20:41
LINK/USD,23.051,23.078,11-06-21 05:20:31
LINK/USD,23.061,23.082,11-06-21 05:20:21
LINK/USD,23.063,23.084,11-06-21 05:20:11
LINK/USD,23.07,23.089,11-06-21 05:20:01
LINK/USD,23.073,23.095,11-06-21 05:19:51
LINK/USD,23.07,23.1,11-06-21 05:19:41
LINK/USD,23.076,23.086,11-06-21 05:19:31
LINK/USD,23.07,23.086,11-06-21 05:19:21
LINK/USD,23.061,23.08,11-06-21 05:19:11
LINK/USD,23.067,23.085,11-06-21 05:19:01
LINK/USD,23.063,23.086,11-06-21 05:18:51
LINK/USD,23.068,23.087,11-06-21 05:18:41
LINK/USD,23.064,23.088,11-06-21 05:18:31
LINK/USD,23.065,23.086,11-06-21 05:18:21
LINK/USD,23.061,23.086,11-06-21 05:18:11
LINK/USD,23.065,23.088,11-06-21 05:18:01
LINK/USD,23.059,23.084,11-06-21 05:17:51
LINK/USD,23.082,23.104,11-06-21 05:17:41
LINK/USD,23.083,23.107,11-06-21 05:17:31
LINK/USD,23.102,23.122,11-06-21 05:17:21
LINK/USD,23.094,23.119,11-06-21 05:17:11
LINK/USD,23.1,23.128,11-06-21 05:17:01
LINK/USD,23.093,23.117,11-06-21 05:16:51
LINK/USD,23.085,23.107,11-06-21 05:16:41
LINK/USD,23.076,23.107,11-06-21 05:16:31
LINK/USD,23.074,23.091,11-06-21 05:16:21
LINK/USD,23.058,23.078,11-06-21 05:16:11
LINK/USD,23.051,23.075,11-06-21 05:16:01
LINK/USD,23.048,23.075,11-06-21 05:15:51
LINK/USD,23.048,23.075,11-06-21 05:15:41
LINK/USD,23.058,23.078,11-06-21 05:15:31
LINK/USD,23.059,23.089,11-06-21 05:15:21
LINK/USD,23.045,23.066,11-06-21 05:15:11
LINK/USD,23.079,23.092,11-06-21 05:15:01
LINK/USD,23.074,23.091,11-06-21 05:14:51
LINK/USD,23.068,23.089,11-06-21 05:14:41
LINK/USD,23.068,23.089,11-06-21 05:14:31
LINK/USD,23.068,23.083,11-06-21 05:14:21
LINK/USD,23.058,23.084,11-06-21 05:14:10
LINK/USD,23.06,23.084,11-06-21 05:14:01
LINK/USD,23.068,23.092,11-06-21 05:13:51
LINK/USD,23.08,23.102,11-06-21 05:13:41
LINK/USD,23.08,23.103,11-06-21 05:13:31
LINK/USD,23.058,23.083,11-06-21 05:13:21
LINK/USD,23.058,23.083,11-06-21 05:13:11
LINK/USD,23.058,23.075,11-06-21 05:13:01
LINK/USD,23.031,23.054,11-06-21 05:12:51
LINK/USD,23.031,23.054,11-06-21 05:12:41
LINK/USD,23.031,23.054,11-06-21 05:12:31
LINK/USD,23.038,23.069,11-06-21 05:12:21
LINK/USD,23.044,23.069,11-06-21 05:12:11
LINK/USD,23.051,23.078,11-06-21 05:12:01
LINK/USD,23.051,23.078,11-06-21 05:11:51
LINK/USD,23.051,23.083,11-06-21 05:11:41
LINK/USD,23.053,23.083,11-06-21 05:11:31
LINK/USD,23.055,23.086,11-06-21 05:11:21
LINK/USD,23.042,23.072,11-06-21 05:11:11
LINK/USD,23.052,23.082,11-06-21 05:11:01
LINK/USD,23.057,23.089,11-06-21 05:10:51
LINK/USD,23.057,23.089,11-06-21 05:10:41
LINK/USD,23.045,23.083,11-06-21 05:10:31
LINK/USD,23.045,23.076,11-06-21 05:10:21
LINK/USD,23.062,23.064,11-06-21 05:10:11
LINK/USD,23.043,23.072,11-06-21 05:10:01
LINK/USD,23.029,23.063,11-06-21 05:09:51
LINK/USD,22.995,23.019,11-06-21 05:09:41
LINK/USD,23.005,23.028,11-06-21 05:09:31
LINK/USD,23.062,23.082,11-06-21 05:09:21
LINK/USD,23.089,23.113,11-06-21 05:09:11
LINK/USD,23.089,23.113,11-06-21 05:09:01
LINK/USD,23.085,23.102,11-06-21 05:08:51
LINK/USD,23.07,23.083,11-06-21 05:08:41
LINK/USD,23.064,23.083,11-06-21 05:08:31
LINK/USD,23.068,23.092,11-06-21 05:08:21
LINK/USD,23.076,23.102,11-06-21 05:08:11
LINK/USD,23.086,23.108,11-06-21 05:08:01
LINK/USD,23.105,23.127,11-06-21 05:07:51
LINK/USD,23.109,23.13,11-06-21 05:07:41
LINK/USD,23.107,23.129,11-06-21 05:07:31
LINK/USD,23.099,23.117,11-06-21 05:07:21
LINK/USD,23.1,23.119,11-06-21 05:07:11
LINK/USD,23.097,23.114,11-06-21 05:07:01
LINK/USD,23.104,23.117,11-06-21 05:06:51
LINK/USD,23.1,23.118,11-06-21 05:06:41
LINK/USD,23.1,23.12,11-06-21 05:06:31
LINK/USD,23.095,23.122,11-06-21 05:06:21
LINK/USD,23.085,23.107,11-06-21 05:06:11
LINK/USD,23.087,23.112,11-06-21 05:06:01
LINK/USD,23.082,23.108,11-06-21 05:05:51
LINK/USD,23.086,23.109,11-06-21 05:05:41
LINK/USD,23.076,23.097,11-06-21 05:05:31
LINK/USD,23.071,23.075,11-06-21 05:05:21
LINK/USD,23.074,23.096,11-06-21 05:05:11
LINK/USD,23.076,23.098,11-06-21 05:05:01
LINK/USD,23.079,23.099,11-06-21 05:04:51
LINK/USD,23.084,23.105,11-06-21 05:04:41
LINK/USD,23.085,23.107,11-06-21 05:04:31
LINK/USD,23.091,23.113,11-06-21 05:04:21
LINK/USD,23.085,23.108,11-06-21 05:04:11
LINK/USD,23.091,23.111,11-06-21 05:04:01
LINK/USD,23.093,23.112,11-06-21 05:03:51
LINK/USD,23.094,23.118,11-06-21 05:03:41
LINK/USD,23.093,23.116,11-06-21 05:03:31
LINK/USD,23.084,23.11,11-06-21 05:03:21
LINK/USD,23.086,23.11,11-06-21 05:03:11
LINK/USD,23.088,23.109,11-06-21 05:03:01
LINK/USD,23.089,23.118,11-06-21 05:02:51
LINK/USD,23.09,23.118,11-06-21 05:02:41
LINK/USD,23.089,23.124,11-06-21 05:02:31
LINK/USD,23.089,23.116,11-06-21 05:02:21
LINK/USD,23.116,23.145,11-06-21 05:02:11
LINK/USD,23.134,23.162,11-06-21 05:02:01
LINK/USD,23.144,23.172,11-06-21 05:01:51
LINK/USD,23.13,23.156,11-06-21 05:01:41
LINK/USD,23.13,23.156,11-06-21 05:01:31
LINK/USD,23.121,23.146,11-06-21 05:01:21
LINK/USD,23.112,23.137,11-06-21 05:01:11
LINK/USD,23.123,23.146,11-06-21 05:01:01
LINK/USD,23.117,23.14,11-06-21 05:00:51
LINK/USD,23.119,23.141,11-06-21 05:00:41
LINK/USD,23.122,23.147,11-06-21 05:00:31
LINK/USD,23.124,23.144,11-06-21 05:00:21
LINK/USD,23.125,23.144,11-06-21 05:00:11
LINK/USD,23.124,23.146,11-06-21 05:00:01
LINK/USD,23.126,23.155,11-06-21 04:59:51
LINK/USD,23.136,23.161,11-06-21 04:59:41
LINK/USD,23.135,23.166,11-06-21 04:59:31
LINK/USD,23.129,23.149,11-06-21 04:59:21
LINK/USD,23.126,23.15,11-06-21 04:59:11
LINK/USD,23.122,23.15,11-06-21 04:59:01
LINK/USD,23.125,23.151,11-06-21 04:58:51
LINK/USD,23.127,23.159,11-06-21 04:58:41
LINK/USD,23.116,23.146,11-06-21 04:58:31
LINK/USD,23.125,23.151,11-06-21 04:58:21
LINK/USD,23.14,23.164,11-06-21 04:58:11
LINK/USD,23.14,23.165,11-06-21 04:58:01
LINK/USD,23.141,23.161,11-06-21 04:57:51
LINK/USD,23.134,23.154,11-06-21 04:57:41
LINK/USD,23.133,23.154,11-06-21 04:57:31
LINK/USD,23.127,23.144,11-06-21 04:57:21
LINK/USD,23.125,23.144,11-06-21 04:57:11
LINK/USD,23.13,23.151,11-06-21 04:57:01
LINK/USD,23.117,23.136,11-06-21 04:56:51
LINK/USD,23.136,23.15,11-06-21 04:56:41
LINK/USD,23.135,23.151,11-06-21 04:56:31
LINK/USD,23.14,23.147,11-06-21 04:56:21
LINK/USD,23.134,23.147,11-06-21 04:56:11
LINK/USD,23.128,23.142,11-06-21 04:56:01
LINK/USD,23.127,23.142,11-06-21 04:55:51
LINK/USD,23.125,23.142,11-06-21 04:55:41
LINK/USD,23.124,23.142,11-06-21 04:55:31
LINK/USD,23.126,23.146,11-06-21 04:55:21
LINK/USD,23.127,23.146,11-06-21 04:55:11
LINK/USD,23.127,23.145,11-06-21 04:55:01
LINK/USD,23.122,23.141,11-06-21 04:54:51
LINK/USD,23.121,23.142,11-06-21 04:54:41
LINK/USD,23.119,23.136,11-06-21 04:54:31
LINK/USD,23.119,23.145,11-06-21 04:54:21
LINK/USD,23.121,23.146,11-06-21 04:54:11
LINK/USD,23.136,23.159,11-06-21 04:54:01
LINK/USD,23.124,23.154,11-06-21 04:53:51
LINK/USD,23.122,23.155,11-06-21 04:53:41
